3060 4776
693 172 695 178 '
729 214 768 224 --
807 168 849 245 to
893 218 925 226 --

350 372 488 437 Addere
524 373 610 437 rnilri
647 371 752 438 liceat
787 396 854 439 non
892 376 976 440 satis
1009 375 1122 440 adbuc
1154 375 1337 459 inquisitas
1373 384 1409 441 ct

238 534 374 599 litteras
399 534 622 620 spectatoris.
663 535 792 598 Notum
809 549 926 599 autem
944 534 1156 616 historicam,
1182 559 1271 621 quae
1292 544 1409 601 exstat

238 639 299 704 lol.
324 640 388 705 ‘211
415 664 444 705 v.
470 645 515 721 (v.
541 641 588 723 Z,
614 640 646 704 lr.
672 640 692 705 1.
719 641 759 705 A.
788 643 882 723 1890,
907 641 1063 732 491100
1088 644 1190 707 modo
1216 650 1408 707 correctam

237 746 366 812 referre
392 746 491 811 nobis
515 747 636 811 liceat:
662 770 753 811 anno
779 747 1395 834 (1010101Μο000000800110017110

238 853 328 917 feria
352 854 505 918 secunda
523 854 559 917 in
577 853 845 920 annuntiatione
870 855 993 919 beatae
1011 854 1158 941 virginis
1180 855 1243 920 sub
1268 856 1408 922 domino

238 960 357 1027 Ulrico
383 961 510 1026 abbate
535 960 637 1026 huius
666 962 734 1027 loci
758 962 868 1029 XVI⁰
903 960 1071 1048 magister
1100 963 1314 1027 Wernherus
1339 986 1408 1027 me-

238 1067 336 1132 dicus
373 1067 564 1132 canonicus
603 1069 731 1133 veteris
780 1070 911 1155 capelle
947 1068 1242 1152 Rat(isbonensis)
1277 1070 1408 1134 amicus

238 1174 371 1239 domini
403 1174 542 1240 abbatis
583 1184 619 1240 et
658 1176 813 1240 omniurn
847 1177 995 1241 fratrum
1028 1176 1291 1262 spetialissimus
1325 1183 1408 1260 (non

237 1281 519 1367 specialissimus)
544 1282 637 1347 hunc
662 1282 788 1347 librum
815 1284 901 1366 (sive
926 1284 1009 1349 folia
1036 1286 1143 1349 1-96
1173 1291 1208 1348 et
1236 1285 1407 1353 164-211

237 1387 310 1454 sive
356 1388 443 1453 folia
491 1391 620 1454 1-211
666 1392 918 1472 continentem)
965 1414 1007 1454 ex
1055 1391 1288 1456 diversimode
1327 1414 1408 1456 con-

237 1495 391 1561 cessione
437 1485 479 1565 13
519 1497 553 1561 id
595 1504 647 1562 est
686 1521 750 1563 con
791 1539 853 1581 —,
901 1520 972 1563 non
1006 1521 1041 1561 sc
1082 1521 1142 1580 —;
1190 1498 1410 1583 significatur

237 1608 372 1668 autem:
396 1602 530 1689 infolge
552 1605 823 1690 mannigfachen
843 1604 1068 1688 Ausleihens)
1091 1611 1175 1669 ante
1197 1605 1329 1670 multos
1350 1629 1411 1671 an·

236 1730 299 1774 nos
330 1710 505 1796 perditum
536 1719 572 1776 et
603 1735 622 1775 a
650 1713 815 1778 memoria
840 1711 993 1778 omnium
1023 1712 1122 1797 quasi
1145 1711 1305 1777 funditus
1330 1713 1410 1777 sub-

236 1823 390 1882 tractum
426 1822 509 1900 (non
544 1818 790 1900 substractum)
823 1842 885 1884 sua
918 1818 1088 1906 peccunia
1119 1824 1205 1906 aput
1236 1819 1410 1904 quendam

236 1923 423 2009 aurificem,
457 1925 518 2010 qui
542 1927 655 2013 ipsum
681 1928 840 1994 venalem
864 1926 1001 2012 publice
1025 1927 1200 2013 portabat,
1230 1948 1410 2013 compara·

236 2030 289 2096 vit
320 2038 356 2095 et
386 2032 501 2120 ipsum
530 2055 594 2120 pro
618 2034 770 2099 remedio
796 2034 910 2098 anime
935 2056 995 2098 sue
1020 2033 1062 2097 ad
1087 2033 1254 2098 honorem
1287 2033 1410 2119 [sequi-

236 2144 295 2202 tur
318 2138 393 2205 loco
418 2161 512 2204 raso:
544 2141 593 2204 soi
619 2140 778 2226 Georlgu
808 2140 950 2227 patroni
974 2139 1085 2204 nostri
1108 2139 1211 2204 eocl'e
1236 2140 1300 2222 i(n)
1325 2141 1410 2204 Pru·

236 2243 581 2330 feni(n)g]=restituit
604 2247 678 2311 sine
704 2247 799 2312 omni
833 2247 941 2334 ipsius
966 2249 1118 2332 dampno
1149 2245 1341 2310 liberaliter
1375 2254 1412 2310 et

237 2351 401 2437 praecise.
427 2353 519 2417 unde
544 2345 730 2418 statuimus
755 2358 838 2437 (non
863 2353 1066 2435 etatuimus)
1091 2360 1132 2417 ut
1156 2352 1271 2416 nullus
1295 2352 1410 2436 ipsum

235 2457 400 2543 deinceps
424 2465 523 2526 extra
545 2467 643 2547 septa
665 2461 958 2526 ecclesieaudeat
982 2460 1210 2524 commodare.
1236 2497 1277 2505 —
1303 2459 1410 2522 Intel-

236 2565 351 2649 legere
382 2587 452 2631 non
482 2588 633 2652 possum,
666 2589 733 2650 qua
764 2568 805 2631 de
837 2588 942 2632 causa
972 2566 1183 2651 Heibergius
1214 2565 1409 2630 notaverit:

236 2671 290 2735 die
315 2671 650 2758 eingeklamrnerten
664 2674 806 2739 Worter
825 2674 860 2738 in
877 2676 1001 2759 Rasur,
1026 2673 1113 2737 doch
1137 2693 1206 2738 von
1228 2671 1408 2735 derselben

235 2778 350 2843 Hand.
404 2779 454 2843 At
483 2802 617 2864 manus,
649 2803 737 2864 quae
768 2781 828 2844 illa
859 2781 967 2847 uerba
998 2779 1148 2867 scripsit,
1180 2777 1330 2841 hominis
1361 2779 1409 2841 al-

236 2885 344 2949 terius
375 2887 516 2950 minime
549 2888 698 2952 sollertis
729 2896 800 2972 est,
832 2888 968 2952 accedit
996 2887 1088 2972 quod
1112 2884 1216 2951 ecol’e
1241 2884 1306 2949 hoo
1332 2885 1409 2949 loco

236 3012 300 3078 pro
325 2992 470 3057 ecclesie
495 2992 740 3061 abbreviatum
764 3000 826 3078 est,
851 2994 943 3058 infra
968 2992 1083 3058 ecclia.

342 3099 464 3183 Neque
489 3098 533 3164 ob
558 3123 633 3165 earn
657 3123 730 3164 rem
753 3101 881 3166 codicis
902 3100 976 3165 fata
993 3107 1064 3164 tam
1083 3097 1287 3185 simpliciter
1304 3119 1409 3182 quam

235 3203 279 3267 ab
304 3204 495 3292 Heibergio
527 3209 681 3272 enarrari
712 3215 866 3294 possunt.
916 3207 1014 3286 Quod
1046 3229 1112 3291 ego
1137 3205 1223 3269 alias
1247 3205 1408 3290 persequi

235 3303 410 3377 constitui.

342 3420 515 3497 Quattuor
545 3421 625 3485 illae
656 3421 785 3487 codicis
816 3429 949 3510 partes,
986 3441 1072 3506 quas
1103 3419 1265 3505 exposui,
1297 3419 1407 3483 multo

233 3532 355 3611 postea
380 3526 545 3591 collectae
571 3536 653 3593 sunt
677 3536 712 3592 et
735 3537 829 3611 nota,
855 3552 959 3615 quam
983 3529 1020 3592 in
1036 3527 1095 3592 fol.
1119 3530 1133 3592 1
1157 3549 1175 3590 r
1197 3525 1406 3608 invenimus

234 3633 353 3697 'addita
384 3641 453 3698 est:
489 3635 530 3698 In
568 3635 634 3701 hoo
666 3636 753 3702 libro
785 3637 984 3702 continetur
1014 3642 1128 3699 totum
1163 3631 1407 3717 quadruvium,

233 3725 366 3804 scilicet
397 3741 606 3807 Arismetica
645 3744 714 3824 (oui
749 3743 869 3808 eadem
901 3764 1006 3807 manu
1043 3740 1319 3827 suprascriptum
1355 3746 1408 3802 est

234 3846 371 3931 boecij),
396 3849 631 3933 Astronomia,
656 3850 788 3914 musica
808 3849 928 3935 boecij,
954 3848 1163 3912 Geometria.
1204 3847 1302 3911 Infra
1321 3846 1406 3910 haec

234 3952 340 4018 verba
365 3955 460 4020 locus
484 3979 581 4021 rasus
606 3964 668 4041 est,
701 3981 767 4043 quo
793 3957 1013 4021 Chalcidiurn
1037 3962 1197 4020 notatum
1221 3953 1328 4019 fuisse
1353 3975 1407 4017 ar-

233 4059 351 4126 bitror.
386 4060 459 4127 Neo
477 4070 594 4128 tamen
617 4087 735 4130 omnes
752 4064 940 4132 uoluminis
960 4070 1076 4150 partes
1093 4062 1149 4127 hic
1168 4060 1405 4127 nominantur.

339 4169 435 4233 Artis
460 4173 668 4258 exemplum,
694 4175 784 4255 quod
811 4173 845 4236 in
871 4173 936 4236 hoc
962 4171 1080 4237 codice
1106 4169 1313 4250 continetur,
1340 4167 1405 4233 leo-

232 4274 344 4339 tiones
370 4277 546 4361 quasdam,
572 4300 713 4363 errores,
745 4281 843 4345 abaci
869 4280 1036 4363 tabulam,
1066 4297 1288 4362 numerorum
1312 4275 1406 4339 Indi-
