3060 4776
183 389 401 454 examinatas
432 392 506 452 esse
537 387 581 451 ab
612 387 810 452 hominibus
848 387 959 451 doctis
992 386 1124 471 figuras
1155 384 1354 469 codicum,¹)

182 519 271 581 quae
301 493 397 583 ips'ae
428 517 564 580 quoque
597 493 816 578 aliquantum
846 494 962 558 valere
992 493 1179 558 videantur
1208 495 1251 557 ad
1282 515 1353 558 rem

181 602 415 668 iudicandam.

292 727 360 792 Sed
385 728 427 791 ad
453 749 525 791 rem
550 727 660 813 ipsam
685 717 912 792 revertamur.
965 724 1085 790 Liceat
1115 724 1171 790 hic
1201 726 1354 792 breuiter

180 834 320 919 referre,
360 834 443 918 quid
483 855 702 898 censeamus:
745 832 934 897 Boethium
974 832 1263 898 verisimillimum
1302 840 1355 898 est

182 948 348 1026 quattuor
372 941 500 1028 primos
517 940 674 1004 Euclidis
699 940 946 1005 elementorum
971 939 1077 1006 libros
1102 938 1137 1004 in
1162 962 1352 1005 sermonem
1409 951 1412 956 ’
1465 922 1468 928 ’

180 1048 345 1113 Latinum
370 1054 464 1112 totos
489 1049 698 1113 convertisse
728 1069 804 1111 cum
831 1046 1192 1112 demonstrationibus
1209 1053 1244 1112 et
1266 1047 1354 1132 figu-

180 1155 236 1218 ris.
284 1153 608 1219 Demonstrationes
634 1160 751 1218 autem
780 1176 850 1219 non
875 1175 993 1218 omnes
1018 1154 1131 1240 planis
1156 1154 1271 1221 verbis
1296 1177 1353 1218 ex-

179 1262 320 1348 positas
353 1260 412 1325 sed
438 1259 481 1324 ab
506 1261 665 1347 exemplo
690 1260 838 1345 quodam
864 1261 960 1346 puris
984 1260 1136 1324 numeris
1167 1270 1203 1325 et
1227 1260 1353 1325 litteris

178 1368 365 1454 insignitas
395 1366 502 1432 fuisse
534 1367 753 1432 coniciamus
801 1368 925 1451 ltaque
953 1373 1075 1458 postea
1104 1391 1163 1433 eas
1186 1367 1352 1432 facillime

179 1474 289 1562 perire
314 1474 470 1561 potuisse
496 1481 556 1538 aut
580 1474 763 1538 intermitti
790 1474 833 1538 ab
858 1497 909 1557 e0,
941 1475 999 1559 qui
1031 1497 1073 1538 ex
1098 1473 1239 1539 Boethii
1264 1475 1352 1539 libro

157 1576 415 1645 'elementorum
451 1580 536 1666 [sive
568 1581 790 1666 geometriae,
823 1581 908 1646 artis
939 1581 1183 1667 geometricae]
1212 1583 1351 1668 fipures,

179 1694 260 1772 quae
283 1686 502 1772 simpliciores
525 1691 649 1772 scam),
682 1688 919 1774 excerpsisset.
963 1688 1123 1754 Ceterum
1149 1687 1193 1753 ab
1217 1689 1277 1755 illo
1301 1690 1353 1776 ip·

178 1817 215 1862 so
240 1795 515 1881 agrimensorum
546 1802 753 1880 argumenta
783 1795 852 1859 illis
876 1818 918 1859 ex
943 1795 1099 1861 Euclidis
1124 1792 1352 1861 translatione

178 1902 351 1988 excerptis
382 1902 501 1965 addita
533 1907 568 1966 et
596 1901 633 1964 in
661 1922 769 1966 unum
799 1901 950 1966 cumeis
976 1903 1103 1967 collata
1134 1888 1209 1967 esse
1232 1902 1353 1971 uiden·

177 2117 296 2180 corum
326 2115 458 2201 figuras
489 2115 627 2179 easdem
651 2113 723 2179 fere
747 2115 893 2203 praebet
917 2108 1021 2200 atque
1047 2117 1121 2180 cod.
1147 2118 1227 2182 Vat.
1254 2117 1352 2183 Otto-

176 2220 257 2286 bon.
289 2243 377 2286 saec.
408 2221 540 2305 XHri,
577 2243 680 2306 quem
710 2245 747 2307 113
781 2223 959 2307 signatum
990 2222 1223 2289 Friedleinius
1254 2224 1352 2289 adhi-

179 2326 255 2392 buit
279 2337 324 2410 (v.
349 2329 402 2393 ed.
427 2326 555 2394 Friedl.
581 2329 669 2411 372).

294 2455 318 2534 ¹)
349 2451 470 2518 Veluti
501 2452 557 2516 hic
589 2451 674 2516 haec
706 2454 747 2517 de
778 2446 894 2517 codice
925 2453 985 2536 lat.
1017 2476 1108 2520 mon.
1141 2455 1246 2520 23511
1280 2478 1353 2520 sae-

177 2557 247 2622 culi
276 2556 388 2622 ΧΠῑε
425 2558 460 2622 Is
498 2559 607 2623 codex
642 2558 794 2623 eiusdem
827 2559 983 2624 familiae
1014 2567 1076 2644 est,
1113 2561 1212 2625 cuius
1242 2561 1353 2627 codex

180 2664 303 2745 13021;
328 2686 409 2751 pars
433 2664 506 2730 eius
530 2665 625 2751 prior
650 2664 804 2730 Euclidis
829 2666 1096 2732 translationem
1120 2667 1237 2751 talem,
1269 2688 1352 2752 qua-

177 2769 244 2832 lem
268 2770 326 2833 ille
350 2771 504 2856 praebet,
536 2772 596 2835 sed
627 2778 764 2837 tantum
789 2773 833 2837 ab
859 2772 975 2858 quarti
999 2772 1080 2839 libri
1104 2773 1352 2861 propositioni-

177 2875 250 2958 buS,
290 2877 371 2963 pars
410 2878 595 2963 posterior,
636 2901 739 2962 quam
778 2860 1010 2946 Friedlrdnius
1050 2879 1226 2963 adhibuit,
1267 2880 1352 2947 artis

176 2968 357 3070 exemplar
387 2984 545 3049 continet
573 2985 690 3069 itaque
724 2987 831 3051 etiam
861 2987 1016 3074 priorum
1048 2987 1154 3052 trium
1185 2986 1351 3052 librorum

176 3097 385 3175 argumenta
410 3099 567 3157 attamen
598 3115 638 3157 ea
662 3094 775 3179 magis
803 3103 966 3181 corrupta
991 3117 1095 3180 quam
1120 3094 1350 3182 posteriorum

174 3195 329 3280 praebet.
388 3198 542 3282 Figurae
578 3206 694 3264 antem
730 3199 766 3263 in
801 3222 841 3265 eo
877 3201 994 3266 codice
1025 3200 1162 3264 Latinis
1197 3201 1350 3265 numeris

174 3302 294 3366 mixtis
319 3325 398 3367 cum
422 3304 553 3369 indicis
578 3306 777 3392 assignatae
803 3315 895 3391 sunt,
924 3307 983 3391 ita,
1008 3314 1049 3371 ut
1073 3307 1171 3371 illum
1195 3307 1348 3373 codicem

174 3408 401 3475 vetustiorem
433 3432 538 3495 quam
569 3412 723 3478 codicem
757 3415 863 3479 13021
893 3415 1080 3480 existimes.
1128 3413 1180 3479 Ob
1205 3412 1239 3477 id
1265 3429 1349 3498 quo-

174 3539 241 3601 quo
281 3517 318 3581 in
352 3519 594 3602 quaestionem
629 3529 784 3586 nostram
825 3519 1090 3607 diligentissime
1131 3520 1348 3585 adhibendus

173 3623 250 3705 erit,
283 3625 373 3707 quod
404 3626 563 3692 meliores
592 3649 694 3711 qnam
727 3629 832 3693 13021
858 3629 1022 3693 lectiones
1047 3627 1175 3692 habere
1200 3627 1347 3694 videtur.

173 3729 264 3794 Nam
288 3754 331 3795 ex
355 3741 556 3819 comparata
581 3734 657 3819 ipsa
681 3735 793 3821 prima
817 3735 948 3821 pagina
973 3743 1128 3821 apparet,
1153 3734 1214 3798 ubi
1238 3735 1347 3798 codex

172 3837 280 3903 23511
307 3846 408 3922 erret,
440 3840 542 3903 etiam
578 3841 682 3906 13021
715 3840 838 3905 falsam
870 3842 1053 3906 lectionem
1079 3841 1255 3928 praebere,
1288 3842 1346 3905 secl

172 3944 259 4008 alias
284 3945 427 4030 aliquot,
454 3969 539 4031 quas
564 3947 696 4011 librarii
722 3948 966 4033 neglegentiae
991 3950 1127 4014 crimini
1153 3949 1222 4016 des.

288 4071 404 4153 2)Η1(1
436 4074 523 4137 enim
557 4073 688 4157 titulus,
721 4095 823 4158 quem
855 4073 924 4137 illis
953 4074 1127 4160 excerptis
1155 4074 1346 4159 praeseri]-

171 4183 244 4244 tum
271 4177 378 4241 fnisse
404 4178 627 4263 coniciamm,
657 4178 691 4244 in
718 4181 835 4245 codice
862 4204 892 4264 q,
922 4181 981 4246 fol.
1009 4183 1101 4246 mar
1127 4187 1252 4263 exstat,
1278 4202 1346 4265 quo

170 4283 246 4348 loco
283 4284 428 4368 legitur:
465 4285 596 4349 Tituli
632 4288 869 4374 inscriptio:
909 4288 1038 4351 Tituli
1070 4288 1345 4374 praescriptio
