3060 4776
171 689 233 766 De
264 686 356 765 arte
385 681 669 782 geometrica,
707 699 816 778 quae
853 679 991 758 fertur
1019 680 1197 780 Botthii
1234 700 1351 778 quas

171 812 308 891 adhuc
348 808 463 886 docti
501 806 699 885 homines
745 805 1028 919 quaestiones
1070 805 1351 885 instituerint.

279 1113 332 1176 Ea
357 1116 484 1193 aetate,
517 1132 585 1194 qua
611 1109 865 1174 Germanorum
889 1113 1012 1194 gentes
1037 1108 1081 1173 ab
1105 1109 1238 1174 oriente
1268 1115 1304 1174 et
1329 1134 1352 1174 a

172 1219 410 1309 septentrione
431 1217 585 1301 undique
605 1216 789 1303 imperium
808 1217 1004 1280 Romanum
1021 1215 1233 1301 invaserant,
1254 1238 1351 1283 sum-

172 1350 268 1393 mum
292 1324 486 1414 periculum
510 1323 636 1388 litteris
661 1345 799 1409 quoqne
830 1322 1011 1387 imminere
1036 1322 1230 1389 videbatur.
1280 1325 1352 1390 Sed

173 1458 216 1500 ex
237 1432 413 1500 nobilibus
430 1433 669 1497 Romanorum
691 1429 833 1496 familiis
854 1431 929 1516 apti
945 1429 1157 1495 exstiterunt
1174 1430 1251 1514 viri,
1277 1431 1350 1515 qui,

174 1541 344 1627 quidquid
368 1544 521 1627 possent,
556 1537 704 1603 condere
738 1547 773 1602 et
804 1559 942 1602 servare
971 1543 1182 1602 conarentur
1213 1537 1350 1622 (Ebort,

174 1650 213 1715 L.
239 1649 271 1713 d.
296 1648 342 1712 M.
374 1647 419 1713 1².
448 1646 537 1728 486).
584 1645 657 1710 Nec
681 1643 846 1709 minimus
877 1643 912 1708 in
937 1665 1056 1710 eorum
1079 1666 1223 1710 numero
1248 1645 1350 1709 Ani-

175 1755 261 1821 cins
292 1752 471 1819 Manlius
503 1751 725 1818 Severinus
755 1751 954 1816 Bo'ethins
985 1759 1061 1816 erat
1099 1749 1281 1834 (Boethius
1315 1777 1349 1818 v.

175 1863 320 1945 Usener,
354 1860 395 1925 A.
421 1860 464 1923 H.
498 1860 540 1922 43
565 1863 615 1940 s).
670 1858 722 1923 De
754 1857 852 1924 cuius
882 1857 1033 1941 nomine,
1068 1857 1151 1943 vitu,
1185 1838 1351 1946 o-peribus

177 1970 267 2055 quod
303 1967 338 2031 in
372 1966 519 2032 aliorum
551 1964 648 2030 libris
679 1964 953 2030 luculentissime
987 1964 1162 2051 digestum
1195 1972 1247 2031 est
1283 1966 1349 2048 (in-

176 2075 296 2162 primis
328 2099 360 2142 v.
386 2073 529 2153 Usener,
562 2073 603 2138 A.
629 2073 673 2137 H.
705 2074 748 2137 37
777 2095 830 2155 ss,
863 2071 983 2156 Ebert,
1015 2072 1054 2137 L.
1080 2073 1111 2136 d.
1136 2072 1182 2137 M.
1206 2073 1251 2136 1².
1283 2073 1350 2138 485

176 2183 296 2266 -497‚
328 2178 657 2245 Teuffel-Schwabe
693 2181 714 2245 ⁵.
749 2178 791 2244 N.
821 2179 910 2261 478),
943 2178 1056 2266 ipsam
1086 2202 1160 2244 rem
1188 2179 1351 2266 protinus

177 2288 373 2375 aggrediar.

286 2412 413 2476 Exstat
448 2411 541 2474 enim
576 2415 612 2474 et
646 2410 720 2474 eins
755 2432 882 2476 nomen
921 2410 956 2474 in
992 2410 1095 2476 titulo
1135 2410 1242 2476 habet
1281 2434 1353 2477 ars

179 2518 350 2605 quaedam
374 2514 629 2603 geometrica
645 2520 678 2600 ¹),
704 2538 792 2601 quae
817 2540 878 2604 per
903 2518 971 2582 dno
996 2517 1188 2604 posteriora
1212 2518 1352 2582 saecula

180 2632 224 2707 (v.
251 2624 392 2707 Cantor,
417 2623 462 2688 M.
486 2623 526 2687 B.
553 2625 616 2690 199
640 2626 697 2704 ss.)
721 2624 765 2689 ab
790 2623 989 2690 hominibus
1013 2624 1126 2690 doctis
1150 2625 1352 2690 examinata

178 2739 214 2797 et
238 2730 463 2798 vehementer
494 2738 556 2795 aut
579 2730 788 2817 reprehensa
821 2737 883 2796 aut
907 2730 993 2796 mira
1019 2753 1098 2796 cum
1123 2732 1269 2797 caritate
1294 2731 1352 2796 de-

178 2838 277 2902 fensa
301 2842 363 2902 est.

287 2960 521 3026 Continentur
537 2983 577 3025 ea
594 2965 679 3044 arte,
702 2982 790 3045 (luae
809 2960 861 3026 bis
875 2961 1032 3026 Venetiis
1053 2963 1150 3045 (1491
1156 2963 1222 3060 stig,
1241 2961 1352 3046 1499),

180 3068 232 3133 bis
257 3068 416 3133 Basileae
441 3069 551 3151 (1546,
578 3069 676 3149 1570)
704 3068 741 3132 in
765 3068 876 3134 lucem
901 3067 995 3132 edita
1019 3075 1072 3133 est
1103 3075 1148 3150 (v.
1174 3069 1215 3133 R.
1241 3069 1280 3133 F.
1305 3069 1351 3133 II.

292 3269 315 3346 ¹)
347 3265 399 3329 De
431 3266 496 3330 hoc
521 3265 625 3330 titulo
650 3288 681 3330 v.
707 3264 911 3330 Friedleinii
939 3265 1048 3351 praef.
1078 3265 1142 3347 v1;
1175 3288 1240 3351 ego
1272 3288 1352 3330 eum

180 3372 322 3438 titulum
351 3394 413 3460 per
441 3377 552 3437 totam
580 3371 670 3436 hanc
695 3372 969 3458 disputationem
994 3371 1149 3438 obtinere
1175 3373 1351 3457 constitui,

180 3487 219 3544 ut
243 3477 478 3565 significarem
502 3478 572 3563 ille,
605 3502 692 3563 qnae
717 3478 949 3544 Friedleinius
974 3479 1084 3544 edidit
1107 3503 1149 3544 ex
1173 3479 1352 3546 codicibus

180 3609 208 3669 e,
241 3608 285 3670 m,
316 3585 394 3650 aliis
426 3591 573 3671 excepto
600 3585 718 3650 codice
748 3609 786 3671 q,
818 3585 846 3650 is
871 3585 963 3650 enim
988 3588 1031 3651 ad
1055 3593 1198 3670 artem,
1229 3593 1268 3654 ut
1292 3610 1352 3673 ap-

179 3692 318 3778 parebit
339 3715 381 3757 ex
402 3691 507 3757 tertia
525 3692 768 3776 quaestionum
786 3699 895 3779 parte,
920 3691 1061 3758 minime
1078 3693 1241 3781 pertinet.
1281 3695 1352 3759 Ita-

180 3822 246 3883 qne
275 3799 468 3865 Guilelmus
499 3799 639 3887 Meyer,
669 3799 759 3865 Phil.
785 3800 826 3864 R.
853 3802 882 3865 l.
907 3800 972 3864 947
1004 3822 1074 3865 non
1105 3807 1199 3865 recte
1232 3800 1352 3866 Fried-

179 3905 324 3972 leinium
347 3906 582 3992 reprehendit,
616 3908 709 3991 quod
741 3929 811 3972 non
843 3906 972 3972 codicis
1004 3907 1215 3991 qlectiones
1238 3908 1351 3996 primo

179 4014 255 4079 loco
292 4013 462 4096 dedisset,
498 4036 581 4078 nam
613 4020 742 4079 artem
774 4036 875 4099 quae
906 4013 1038 4080 fertur
1071 4014 1211 4080 Boetii
1234 4014 1352 4079 Fried-

178 4118 305 4183 leinius
330 4119 449 4203 edidit,
475 4120 567 4205 quod
587 4119 662 4207 ipse
679 4117 849 4185 Boethius
866 4143 909 4185 ex
926 4120 1072 4186 Euclide
1097 4121 1132 4184 in
1157 4121 1352 4189 orationem

179 4226 345 4298 Latinam
369 4226 610 4313 convertisset,
635 4227 791 4296 editurus
816 4249 886 4295 nou
910 4234 994 4298 erat.
