3060 4776
673 135 868 204 —lh-

184 335 257 401 eius
282 336 453 421 originem
478 335 625 419 negavit
649 357 711 399 nee
736 335 832 398 nulle
854 335 911 399 sed
935 335 1032 420 quasi
1055 336 1261 421 attingendo
1280 347 1361 403 tan-

184 452 257 508 tum
282 452 489 529 argumenta
514 450 636 507 eontra
668 465 778 528 genus
803 442 940 507 dicendi
965 443 1095 524 attulit,
1129 444 1254 528 quibus
1285 469 1361 511 ma-

184 550 290 616 iorem
315 550 386 616 vim
409 550 520 615 inesse
541 571 611 614 non
630 549 839 614 indicaveris
857 549 1057 632 (Friedlein,
1083 550 1151 615 Zur
1168 551 1293 636 Frage.
1313 593 1360 602 —-

183 682 214 724 v.
240 657 405 743 Heiherg,
431 657 635 743 Philologus
659 658 711 722 43.
737 658 825 737 508).

288 784 353 849 Sed
388 805 466 848 cum
498 782 557 847 alii
590 782 682 868 iique
715 781 955 847 mathema-tici
988 783 1076 847 mira
1109 790 1149 848 ut
1172 784 1245 848 dixi
1268 788 1359 851 ceri-

182 899 254 958 tete
284 892 495 957 sententiam
524 897 684 956 tenerent
715 891 792 955 illos
817 913 977 957 numeros
1010 890 1078 954 iam
1110 892 1251 975 dudum,
1284 893 1358 959 iam

180 1023 222 1066 ex
255 1001 405 1067 seeundo
438 1008 518 1088 post
541 999 719 1065 Christum
750 999 887 1064 saeculo
919 999 956 1062 in
980 999 1122 1085 Europa
1154 1007 1255 1065 notos
1280 1023 1357 1066 esse

181 1107 524 1188 (Chasles-SOhneke,
550 1107 699 1188 Oent0r3
725 1131 756 1171 v.
779 1106 920 1190 Cantor,
946 1107 989 1170 M.
1011 1105 1050 1170 B.
1073 1107 1136 1171 ‘231
1162 1111 1229 1190 ss),
1255 1106 1357 1173 cuius

180 1214 373 1281 sententiae
406 1213 663 1297 auctoritatem,
697 1215 726 1278 si
759 1223 870 1278 artem
904 1235 923 1277 a
949 1212 1099 1279 Bo'e'thio
1133 1222 1246 1278 ortam
1279 1238 1355 1280 esse

180 1322 375 1407 evicissent,
411 1321 547 1387 firmare
583 1327 758 1408 poterent,
795 1321 892 1384 illum
927 1343 1003 1385 eam
1037 1319 1214 1407 scripsisse
1246 1321 1354 1388 etiem

180 1435 284 1515 etque
308 1428 413 1495 etiam
439 1430 705 1495 contenderunt.
1031 1454 1033 1459 >
1111 1465 1127 1497 .

285 1556 334 1620 At
370 1554 673 1620 Weissenbornius
714 1555 823 1637 (1829,
863 1553 954 1617 idem
994 1552 1133 1618 brevius
1175 1555 1268 1620 1880.
1310 1595 1352 1603 —

180 1686 210 1728 v.
237 1662 402 1748 Heiherg,
435 1661 640 1746 Philologus
672 1663 724 1727 43.
757 1661 823 1725 toa
853 1666 910 1741 ss)
942 1667 1126 1745 postquem
1160 1663 1352 1728 sententias

179 1770 290 1855 magis
326 1790 430 1854 quarn
467 1768 661 1834 orationem
698 1790 775 1832 cum
807 1767 1029 1832 institutione
1062 1767 1284 1835 arithmetice
1317 1776 1354 1834 et

179 1876 309 1943 rnnsioe
334 1875 539 1963 composuit,
565 1875 614 1940 ita
636 1873 853 1957 diiudicarit,
879 1881 918 1938 ut
939 1882 1049 1939 artem
1067 1897 1087 1939 a
1103 1874 1254 1939 Boethio
1271 1898 1349 1962 pro·

178 1986 303 2051 lhctam
328 2007 402 2050 esse
423 1994 579 2071 negaret.
619 1984 709 2048 Item
726 1982 939 2068 Heibergius
957 1982 1080 2047 tertius
1098 1982 1347 2049 Friedleinium

177 2098 212 2155 ot
238 2089 560 2157 Weissenborniunr
592 2100 730 2154 secutus
763 2089 902 2154 brevius
934 2111 1053 2154 eorum
1081 2096 1182 2154 notas
1207 2089 1349 2174 collegit

177 2200 221 2287 (v.
250 2198 413 2284 lieiherg,
438 2197 643 2283 Philologus
667 2198 719 2261 «13.
746 2196 934 2277 508-518l
965 2203 1000 2260 et
1024 2218 1115 2262 nova
1140 2196 1273 2280 aliquot
1297 2204 1348 2261 at-

176 2304 259 2371 tulit
284 2313 492 2391 argumenta
518 2303 659 2387 (ibidem
684 2304 750 2367 518
773 2307 840 2387 ss),
873 2326 951 2368 ourn
976 2302 1053 2385 alia,
1084 2326 1171 2387 quae
1200 2304 1243 2368 ad
1267 2327 1347 2390 geo·

176 2413 334 2479 nistrinrn
362 2412 587 2502 pertinerent,
620 2410 813 2476 aBo'e'thio
847 2410 881 2474 in
914 2408 991 2474 aliis
1022 2410 1120 2475 lihris
1152 2410 1245 2492 dieta
1269 2434 1348 2476 oum

176 2526 250 2586 arte
275 2528 504 2607 compareret.
553 2519 668 2606 Atque
700 2518 729 2584 is
759 2519 833 2605 ipse
862 2540 999 2605 quoque
1024 2517 1212 2583 Boethium
1237 2525 1347 2584 artem

175 2626 352 2717 scripsisse
377 2625 531 2711 negarit.

282 2752 337 2817 Au
369 2751 443 2817 eius
467 2758 667 2835 tractatum,
702 2750 832 2839 quippe
856 2752 915 2836 qui
939 2758 1133 2816 ceterorum
1158 2753 1349 2818 sententias

175 2859 325 2925 ninxirnn
349 2858 534 2945 diligentia
552 2858 743 2943 collegerit,
767 2858 979 2925 brevissimis
1001 2859 1116 2924 verbis
1137 2861 1347 2945 exposuerit,

176 2967 344 3033 acerrime
368 2966 496 3033 iudieio
518 2967 783 3045 examinaverit,
808 2966 976 3031 nonnulla
997 2966 1070 3052 ipse
1089 2966 1271 3049 addiderit,
1297 2967 1347 3032 in-

175 3073 297 3161 primis
321 3073 577 3161 respiciendum
602 3074 703 3139 nohis
727 3073 803 3156 erit,
835 3074 864 3138 si
896 3079 1104 3158 argumenta
1127 3096 1256 3158 eorum,
1288 3074 1348 3158 qui

175 3192 286 3248 artem
319 3206 336 3248 u
364 3181 514 3249 Boethio
546 3181 713 3270 seriptum
745 3203 819 3246 esse
847 3188 988 3267 negent,
1022 3204 1232 3267 cognoscere
1263 3182 1348 3248 veli-

175 3311 268 3369 nnrs3
300 3288 578 3355 udversur‘iornrn
611 3289 806 3355 sententiae
838 3311 880 3354 ex
906 3312 956 3368 ee,
990 3289 1081 3372 quod
1107 3289 1237 3353 Cantor
1262 3291 1348 3355 1894

175 3396 301 3462 iteruin
332 3395 451 3465 edidit.
488 3418 603 3483 opere.
639 3394 696 3461 eni
726 3395 850 3460 titulus
881 3402 950 3459 est:
986 3395 1229 3481 Vorlesungen
1262 3396 1348 3460 iiber

175 3503 386 3569 lieschichle
411 3503 472 3569 der
495 3502 738 3572 hluthenmtilr.
764 3503 895 3590 optime
921 3511 1121 3569 cernuntur.

281 3628 442 3693 Peternrn
479 3649 521 3692 ex
557 3626 815 3694 mathematicis
850 3627 920 3692 ianr
955 3626 1089 3713 pridem
1125 3628 1347 3692 Hermennus

174 3732 313 3799 Hnnlrel
331 3734 380 3816 (Δ.
395 3734 437 3798 ll.
451 3735 526 3801 30³2.
543 3736 610 3801 tren
625 3739 683 3799 ssl
700 3740 811 3800 artem
828 3734 970 3800 Boethii
986 3757 1061 3798 esse
1078 3756 1147 3809 non
1164 3735 1346 3817 concessit,

174 3861 252 3906 euni
270 3840 358 3911 aliis,
379 3849 416 3907 nt
436 3863 540 3929 snpra
557 3841 627 3906 inm
643 3843 777 3907 dietum
794 3850 856 3908 est.
877 3842 1049 3906 maximae
1066 3864 1168 3906 curae
1185 3849 1286 3923 esset,
1306 3849 1347 3906 ut

174 3968 300 4013 nornen
318 3946 461 4014 Boethii
482 3948 548 4013 urti
566 3948 716 4014 inditum
733 3948 961 4013 detenderent
983 3964 1018 4013 et·
1039 3964 1230 4031 servarent,
1255 3950 1346 4014 unde

173 4147 242 4191 ron
275 4126 337 4191 der
360 4125 590 4192 slurcnsstelle
614 4148 864 4214 urrsgegsngen
897 4129 967 4194 und
998 4128 1112 4193 hnhen
1141 4129 1245 4195 seruit
1270 4128 1347 4197 eine

174 4232 299 4319 petitio
324 4234 489 4323 principii
513 4233 745 4301 rerschnhlet.
