3060 4776
223 651 334 750 Quid
378 669 461 747 qua
503 650 669 727 ratione
706 650 911 727 Boethius
953 650 1048 748 ipse
1090 650 1131 736 in
1174 650 1396 747 disciplina

222 775 492 875 geometrica
521 775 819 854 elaboravisse
847 774 1056 875 videatur,
1085 775 1125 851 in
1146 775 1395 853 universum

691 899 933 996 exponitur.

760 1079 864 1093 W

330 1188 453 1272 Itaque
485 1208 540 1250 ers
574 1185 715 1250 minime
746 1184 897 1250 Boethio
930 1185 1115 1251 tribuenda
1149 1192 1210 1252 est.
1265 1184 1397 1249 Tamen

224 1295 306 1359 ficta
330 1293 452 1359 fabula
477 1315 547 1358 non
571 1299 689 1378 potest
713 1315 796 1374 esse,
823 1293 914 1377 quod
940 1292 992 1356 bis
1017 1291 1118 1356 oloris
1143 1290 1258 1356 verbis
1281 1292 1398 1356 11011-

224 1400 375 1466 siodorio
400 1400 571 1465 traditum
595 1406 648 1465 est
673 1399 854 1464 Euclidem
880 1399 923 1463 ab
948 1398 1006 1463 illo
1032 1398 1068 1462 in
1093 1398 1399 1464 0111101111111111-

224 1531 306 1572 nam
330 1507 539 1572 translatum
564 1529 646 1571 esse.
694 1506 757 1570 Ille
782 1505 873 1571 enim
898 1506 939 1571 de
965 1527 1088 1590 geom,
1113 1528 1144 1592 p.
1162 1508 1226 1571 577
1244 1504 1398 1591 scripsit:

225 1615 342 1679 cuius
375 1612 622 1699 disciplinae
656 1614 759 1699 apud
787 1613 966 1678 Graecos
990 1611 1197 1693 Euclides²
1232 1611 1399 1697 Apollo·

177 1787 181 1792 ,
225 1720 331 1804 nius,
356 1719 621 1784 Archimedes
646 1742 719 1784 nec
745 1743 823 1784 nou
847 1726 888 1784 ct
912 1718 985 1783 ulii
1007 1717 1231 1805 scriptores
1253 1716 1400 1805 proha-

225 1828 330 1892 biles
354 1827 623 1910 exstiterunt,
657 1850 704 1891 ex
737 1826 884 1911 quibus
908 1825 1120 1890 Euclidem
1150 1825 1400 1889 translatum

225 1936 267 2000 in
284 1936 508 2000 Romanum
532 1934 717 2020 linguam
741 1934 846 1997 idem
871 1932 933 1999 vir
957 1932 1210 2018 magnificus
1228 1932 1400 1997 Bo'e'tius

227 2041 354 2124 dedit,
385 2048 421 2105 et
446 2063 517 2107 vor.
542 2041 569 2124 1,
593 2041 637 2104 45
662 2027 915 2106 Theodericum
939 2062 1058 2125 regem
1082 2039 1118 2103 iu
1142 2039 1292 2127 epistula
1317 2061 1401 2124 qua-

226 2172 307 2214 nam
331 2148 386 2213 his
411 2147 527 2214 verbis
551 2148 741 2214 Boethium
766 2148 1001 2232 alloquentem
1025 2146 1126 2212 fecit:
1159 2147 1401 2212 translatio-

228 2255 347 2320 dibus
371 2254 657 2321 1111111111...
683 2254 954 2320 Nicomachus
979 2254 1281 2337 arithmeticus,
1307 2277 1401 2338 geo-

228 2362 423 2429 metricus
440 2362 632 2427 Euclides
650 2363 875 2428 audiuntur
892 2360 1128 2444 Ausoniis.¹)
1169 2361 1324 2426 Euclidis
1342 2384 1401 2426 au·

229 2477 300 2536 tem
335 2468 476 2533 nomine
512 2467 598 2532 nihil
635 2469 729 2533 aliud
766 2468 832 2533 uisi
868 2468 1110 2551 clementorum,
1147 2490 1235 2551 quae
1268 2468 1401 2532 Graece

229 2588 362 2662 στοιχεῖα
386 2575 559 2659 dicuntur,
589 2575 769 2660 egregium
798 2598 884 2663 opus
909 2575 1101 2659 significari
1125 2574 1282 2640 homines
1307 2575 1402 2639 docti

230 2682 466 2748 consentiunt.
515 2682 567 2746 Ac
591 2683 749 2767 profecto
775 2705 817 2746 ex
842 2682 901 2746 illo
922 2681 1078 2747 Euclidis
1103 2704 1206 2768 opere
1230 2682 1402 2746 translata

230 2795 313 2855 suut
343 2812 415 2854 uon
445 2788 559 2853 solum
591 2811 641 2872 ea,
675 2810 764 2873 quoe
797 2788 956 2873 quumvis
988 2796 1153 2876 corrupte
1185 2789 1222 2853 in
1247 2797 1321 2852 arte
1345 2811 1403 2853 ex·

231 2898 423 2980 1111111374,
449 2897 588 2979 1-389,
615 2898 656 2961 16
680 2901 716 2963 11
739 2901 809 2960 tres
834 2896 913 2960 illue
938 2895 1252 2960 demonstrationes
1272 2895 1339 2962 390
1359 2918 1401 2960 ss.

231 3008 307 3085 (neo
332 3008 451 3067 tamen
475 3003 593 3085 verbu,
627 3024 715 3087 quae
747 3001 901 3088 singulus
926 3001 1240 3066 demonstrationes
1264 3024 1403 3087 praece·

232 3111 343 3191 dunt),
369 3109 428 3172 sed
452 3108 559 3174 etiam
583 3130 634 3189 ea,
660 3108 809 3192 quaein
834 3107 1109 3193 agrimensorum
1134 3107 1308 3172 nonnullis
1332 3130 1403 3171 ma·

232 3214 420 3300 nusoriptis
456 3214 520 3278 sub
556 3214 695 3279 nomine
731 3213 873 3278 Boethii
912 3213 1013 3279 nohis
1050 3215 1244 3279 traduntur.
1308 3215 1404 3278 Haeo

232 3320 376 3409 propius
410 3343 513 3404 quam
538 3321 624 3386 artis
649 3321 816 3386 lectiones
841 3322 885 3385 ad
909 3322 1087 3407 exemplar
1112 3323 1284 3386 Graecum
1309 3343 1405 3385 acce-

233 3430 313 3493 dere
345 3427 389 3492 ab
423 3426 499 3492 aliis
531 3427 602 3492 iem
627 3426 837 3493 dictumest
871 3429 918 3511 (v.
944 3428 1073 3514 Meyer,
1103 3427 1192 3491 Phil.
1218 3428 1260 3494 R.
1289 3428 1315 3492 1.
1343 3427 1404 3493 127

233 3534 386 3618 itemque
410 3533 576 3618 Heiberg‚
605 3532 811 3619 Philologus
835 3535 889 3600 43.
914 3536 1009 3615 519);
1042 3540 1198 3598 attamen
1222 3533 1297 3620 ipso
1322 3555 1404 3618 quo·

345 3696 369 3781 ¹)
400 3695 452 3758 De
485 3692 618 3758 duobus
651 3692 705 3757 his
728 3693 814 3758 locis
840 3692 970 3780 optime
995 3693 1126 3758 Cautor
1150 3692 1295 3779 digessit
1320 3695 1406 3759 Vor-

233 3801 402 3886 lesungen
425 3801 470 3865 12.
501 3802 567 3867 530
590 3823 634 3882 s.;
660 3800 965 3866 Weissenbornius
992 3801 1077 3864 1879
1109 3801 1171 3866 hos
1195 3802 1288 3888 ipsos
1313 3801 1406 3866 locos
1448 3835 1451 3840 ·

234 3906 270 3970 iu
296 3906 530 3994 suspicionem
555 3907 708 3991 vocavit,
733 3909 791 3972 sed
814 3908 928 3972 minus
949 3914 1057 3989 recte3
1083 3933 1115 3974 v.
1134 3907 1300 3994 Heiherg,
1325 3907 1407 3972 Phi-

234 4013 370 4099 lologus
394 4015 447 4081 43.
472 4014 547 4079 509.
595 4013 675 4078 Alia
700 4013 909 4098 testimonia,
945 4037 987 4078 ex
1020 4013 1146 4099 quibus
1178 4014 1406 4080 certissime

235 4120 377 4186 Boethii
400 4119 437 4184 in
461 4120 691 4206 geometriam
715 4143 833 4186 curam
858 4120 1075 4207 colligamus,
1108 4122 1221 4187 adhuc
1251 4143 1322 4186 non
1350 4145 1408 4187 ex-

235 4233 349 4312 stent3
374 4251 407 4294 v.
432 4226 597 4316 Heiherg‚
623 4227 827 4317 Philologus
851 4230 894 4295 43
919 4228 1056 4296 ibidem.
