3060 4776
667 223 704 230 .»
745 184 788 247 ‘le
825 221 864 230 Α

181 377 240 463 qui
268 377 445 464 scripserit
474 380 661 462 singulas
690 379 824 443 litteras
853 380 1050 463 significare
1075 379 1235 444 voluerit.
1283 382 1349 444 Sed

180 486 271 550 idem
296 486 466 551 Boethius
491 487 526 549 in
552 486 834 550 institutionibus
859 487 992 551 dnobus
1017 487 1100 550 locis
1130 487 1231 567 (nihil
1258 488 1351 551 enim

180 593 293 657 dicam
325 594 366 657 de
400 593 484 658 locis
516 595 546 674 3,
574 596 623 660 10.
656 596 687 674 4,
711 595 764 676 25,
796 593 857 656 ubi
881 593 1011 656 litterae
1035 593 1214 658 Literatur
1244 594 1351 679 signi-

178 700 269 784 ficat,
303 707 364 765 aut
395 701 436 764 de
469 700 553 765 locis
591 701 644 783 54,
685 702 733 766 10.
766 702 817 783 li,
857 701 886 764 9.
922 701 994 782 182,
1031 702 1060 764 5.
1098 701 1172 780 309,
1208 701 1238 764 8.
1275 702 1349 782 309,

178 808 229 872 16.
255 808 329 890 318,
357 809 407 871 10.
436 809 485 890 19,
511 805 570 871 ubi
595 807 683 870 aliae
708 806 902 870 litterarum
928 815 1032 871 notae
1057 829 1127 871 non
1148 814 1350 892 ponuntur),

177 913 369 1000 simplicius
393 916 446 998 54,
464 915 504 978 21
531 914 698 978 litterae
724 915 760 977 X
784 914 916 995 formu,
940 914 1078 997 309,14
1102 916 1350 978 Graecarum

177 1020 414 1085 litterarum
438 1024 546 1088 notae
570 1021 670 1085 dixit.

231 1171 236 1204 5
289 1146 373 1208 Post
397 1143 482 1209 haec
508 1146 809 1210 sententiarum
834 1146 1050 1229 imagines,
1076 1167 1161 1230 quas
1185 1145 1221 1208 in
1246 1167 1349 1229 qnae·

177 1251 326 1316 stionem
351 1273 476 1317 vocare
502 1252 654 1316 animum
680 1252 812 1336 induxi,
845 1253 880 1315 in
907 1252 1187 1317 institutionibus
1219 1252 1349 1338 simpli-

177 1358 286 1421 ciores
312 1379 414 1442 quam
440 1358 477 1422 in
502 1366 576 1423 arte
601 1366 693 1442 sunt,
718 1359 779 1423 ubi
804 1358 966 1423 confusas
991 1361 1083 1424 inter
1107 1382 1142 1423 se
1164 1359 1348 1423 nonnullas

176 1469 294 1528 aarum
319 1465 524 1530 videbimus.
572 1465 742 1530 Boethius
768 1466 860 1529 enim
885 1465 1017 1530 aditum
1041 1466 1208 1530 scientiae
1238 1467 1348 1529 onius·

176 1572 255 1636 dam
288 1572 528 1657 angustiorem
562 1580 597 1636 et
629 1572 686 1656 qui
719 1574 922 1637 reserandus
947 1572 1000 1655 sit,
1034 1580 1145 1637 vocat.
1194 1572 1348 1637 Alterius

175 1679 225 1743 rei
260 1678 387 1744 notitia
423 1680 659 1765 caligantibus
694 1681 876 1745 sententiis
908 1680 1065 1768 inpedita
1098 1686 1133 1744 et
1164 1679 1212 1744 eis
1244 1703 1347 1766 expe·

176 1787 311 1869 dienda,
344 1787 526 1851 enodanda
559 1788 696 1852 dicitur.
753 1788 883 1852 Contra
915 1788 951 1851 in
984 1793 1058 1850 arte
1087 1787 1202 1852 aditus
1230 1787 1346 1870 imago

175 1915 253 1957 eum
278 1894 365 1958 lueis
388 1892 542 1978 imagine
568 1893 804 1973 confunditur,
830 1916 899 1958 non
921 1893 1053 1958 labitur
1077 1892 1201 1977 aliquis
1221 1915 1346 1977 errore,

175 2001 232 2064 sed
266 2001 391 2066 erroris
424 2002 604 2066 obstaculo
637 2001 733 2065 labat
761 2007 823 2064 aut
846 2000 970 2065 erroris
995 2001 1116 2066 nubilo
1142 2000 1347 2064 obtenebra-

174 2115 240 2188 tur,
266 2108 501 2195 praepeditur.
549 2107 769 2196 Expediendi
793 2114 828 2172 61
852 2107 1027 2172 enodandi
1055 2108 1172 2193 imago
1198 2107 1346 2194 amplius

174 2217 210 2278 in
247 2222 321 2280 arte
352 2215 561 2301 exprimitur
597 2215 775 2282 vocabulis
811 2215 958 2297 enodate,
994 2214 1206 2298 ecricleatias,
1242 2214 1346 2276 absol-

173 2342 256 2406 uere,
290 2322 504 2387 contrarium
536 2322 643 2389 verbo
672 2321 845 2405 involvere,
879 2320 1046 2386 adverbio
1070 2321 1216 2386 involute
1240 2320 1346 2406 signi-

174 2429 308 2493 ficatur.
357 2428 405 2492 Hi
436 2436 552 2493 autem
585 2429 653 2493 loci
683 2427 869 2516 praecipue
898 2427 966 2492 huc
1000 2427 1169 2492 afferendi
1197 2450 1269 2492 esse
1297 2427 1346 2492 vi·

175 2536 310 2619 dentur,
342 2535 401 2620 qui
425 2542 581 2599 exstant:
607 2536 637 2618 5,
663 2535 692 2599 2.
725 2534 755 2617 4,
781 2535 841 2616 22;
876 2535 950 2618 236,
976 2537 1061 2601 9,-
1087 2536 1162 2618 373,
1186 2537 1238 2600 23.
1270 2535 1346 2616 417,

176 2642 216 2705 19
243 2643 300 2724 (cf.
326 2642 355 2718 5,
381 2642 424 2724 2).
450 2642 525 2724 398,
550 2643 580 2707 9.
605 2642 757 2725 405,,13.

285 2765 448 2830 Absurda
473 2766 622 2850 denique
647 2764 800 2851 imagine
832 2765 928 2848 liber,
963 2783 1030 2851 qu'o
1062 2765 1212 2853 podismi
1244 2786 1348 2850 quae-

165 2872 304 2936 stiones
341 2879 555 2955 tractantur,
597 2872 712 2957 quasi
750 2872 1082 2957 quaestionarius
1122 2871 1347 2936 difficultates

175 2979 355 3044 absolvere
380 2977 606 3061 (1161161401,
632 2979 668 3061 63
702 2985 777 3042 erat
809 2977 901 3042 enim
927 2977 1204 3063 quaestionarius
1228 2999 1347 3042 servus

174 3085 344 3170 pirblicuS,
367 3085 426 3170 qni
443 3106 518 3149 reos
536 3086 731 3170 torquebat,
753 3085 942 3168 cruciabat,
965 3085 1199 3150 examinabat.
1240 3083 1347 3168 Egre-

175 3191 232 3276 gia
258 3193 392 3256 scilicet
415 3193 532 3277 imago
558 3192 708 3255 hominis
734 3191 962 3256 subtilissimi.

287 3319 506 3402 (hramquam
539 3324 656 3381 autem
680 3316 808 3381 Latina
841 3315 1002 3381 oratione*
1022 3316 1245 3380 mediocriter
1272 3322 1348 3379 tan·

175 3430 249 3488 111111
285 3423 477 3487 instructus
509 3422 615 3487 fuisse
647 3420 787 3489 ridetur
818 3423 857 3506 is,
894 3423 952 3506 qni
988 3430 1099 3486 artem
1131 3422 1346 3506 conseripsit,

175 3538 302 3612 tamen,
328 3537 367 3594 ut
384 3524 597 3595 Graecarum
620 3551 755 3615 qnoque
778 3529 974 3594 litterarum
999 3530 1132 3616 peritus
1149 3528 1346 3610 haberetur,

175 3637 310 3721 aliquot
325 3637 410 3701 locis
426 3637 634 3701 necessitate
651 3637 793 3701 minime
810 3644 952 3701 coactus
971 3637 1129 3700 Graeca
1146 3635 1346 3700 vocabula

175 3745 367 3828 usurpavit.
416 3744 521 3810 Velut
546 3743 760 3829 capicerio,
786 3746 828 3810 25
853 3744 985 3808 dictum
1007 3752 1059 3807 est
1080 3766 1142 3830 pro
1161 3749 1254 3807 secta
1272 3741 1347 3828 phi-

176 3850 322 3935 losophi,
343 3851 553 3917 vocabulum
566 3851 731 3935 sophisma
752 3850 1156 3935 (podisnratio?)401,15
1175 3849 1348 3934 agrimen-

176 3979 291 4020 sornm
316 3979 413 4042 opus,
440 3957 614 4040 theorema,
641 3981 708 4043 qno
731 3959 903 4025 vocabulo
921 3957 1091 4023 Boethius
1111 3958 1146 4020 in
1162 3956 1347 4022 referendo

175 4062 381 4128 Nicomachi
406 4063 531 4126 Graeci
563 4063 656 4127 dicto
686 4063 721 4127 in
747 4064 968 4128 institutione
998 4064 1219 4127 arithmetica
1249 4064 1302 4144 80,
1327 4064 1348 4127 5

176 4170 298 4252 utitur,
331 4193 474 4234 numero
507 4172 632 4256 plurali
656 4171 809 4256 positum
834 4180 1021 4258 praecepta
1047 4170 1239 4255 significat:
1272 4170 1347 4248 390,

175 4281 206 4341 4.
238 4280 313 4361 401,
339 4281 368 4347 5,
401 4280 476 4362 424,
504 4286 531 4343 l.
579 4280 651 4344 Nec
684 4280 803 4343 credas
829 4279 1016 4343 Boethium
1049 4277 1105 4342 illa
1133 4284 1247 4341 aetate
1273 4298 1346 4340 ora-
