3060 4776
670 192 702 204 ,
743 151 785 224 39

175 361 241 421 tur.
296 352 372 418 Hoc
405 354 481 429 IX⁰
530 355 635 420 totius
666 376 768 438 quam
800 355 855 418 Χο
891 361 971 440 post
995 354 1168 418 Christum
1202 354 1350 438 saecule,
1413 403 1418 409 .

175 467 257 549 ante
282 461 445 526 Gerberti
470 461 602 526 scilicet
626 467 786 545 aetatem,
812 461 943 525 factum
974 485 1047 525 esse
1076 462 1236 545 equidem
1261 462 1351 526 arbi-

175 577 258 632 tror.
310 566 421 632 Multo
456 579 535 653 post
570 575 698 649 autem,
734 568 877 631 ineunte
909 568 983 631 ΧΙο
1020 568 1169 632 fortasse
1201 568 1351 651 saeculo,

175 674 243 738 illis
275 681 310 738 et
338 673 439 738 abaci
462 673 618 738 tabulam
649 680 685 738 et
715 673 879 737 minutias
908 684 944 736 et
972 674 1209 737 definitionem
1233 697 1353 738 nume·
1455 731 1458 738 .

174 802 291 845 rorum
316 764 457 865 aliaque·
471 779 589 844 addita
614 803 686 844 esse
711 780 916 863 existimem,
940 779 990 844 ita
1015 790 1054 844 ut
1077 800 1135 842 urs
1157 782 1351 866 peourelrim

177 893 273 969 (quiae
293 889 419 973 fertur)
445 888 577 952 Boetho·
600 895 810 953 nasceretur.
877 900 898 945 --l

288 1011 449 1077 Ceterum
481 1012 554 1096 hic,
586 1035 662 1078 curn
695 1012 779 1077 mihi
810 1013 845 1076 in
876 1013 1076 1078 universum
1109 1013 1353 1092 tantummodo

177 1119 218 1182 de
236 1118 389 1182 Euclidis
414 1120 643 1184 translatione
668 1142 748 1184 vere
770 1119 968 1184 Boethiana
990 1120 1156 1184 disserere
1178 1119 1215 1183 in
1236 1128 1352 1183 mente

176 1224 292 1308 fuerit,
319 1226 509 1309 quaerendi
533 1226 637 1290 finem
662 1226 799 1291 faciam.

176 1353 391 1360 ——--.--.--—.-

176 1429 238 1487 est
262 1422 552 1487 elementorum
578 1445 677 1507 quae
703 1423 867 1508 figurae
892 1422 1163 1508 simpliciores
1192 1430 1353 1488 suntet

177 1551 224 1592 ex
255 1529 316 1593 his
348 1529 420 1592 alii
452 1531 487 1612 (l)
520 1537 820 1615 componuntur
850 1551 951 1614 quae
983 1531 1024 1593 ln
1053 1529 1114 1594 his
1139 1529 1262 1594 etiam
1292 1552 1351 1593 re-

177 1637 396 1702 solvuntur
421 1687 427 1700 .
453 1684 460 1697 .
488 1661 511 1719 .;
541 1636 632 1701 infra
658 1648 782 1720 autem,
808 1636 866 1703 fol.
894 1637 958 1701 134
981 1660 1002 1702 v
1028 1636 1093 1720 (ed.
1123 1636 1250 1700 Friedl.
1276 1638 1352 1720 373,

177 1744 233 1824 29)
265 1742 350 1807 haec
380 1742 488 1808 verba
519 1744 650 1830 scripta
681 1759 778 1813 sunt:
816 1743 972 1828 Iucipit
1007 1744 1113 1808 liber
1148 1744 1352 1808 secundus

178 1850 282 1914 artis
306 1851 609 1934 geometri(c)ae
634 1852 679 1914 de
705 1850 866 1936 figuris.
892 1889 933 1896 -
958 1850 1050 1914 Addi
1073 1856 1188 1936 potest
1205 1848 1353 1914 Gerber-

178 1967 254 2020 tum
277 1957 446 2021 Mantuae
477 1957 561 2021 talia
592 1957 764 2022 invenisse
789 1957 901 2022 videri
934 1961 978 2038 (v.
1005 1957 1144 2038 Cantor,
1176 1957 1221 2019 M.
1247 1955 1286 2019 Β.
1318 1979 1352 2018 n.

178 2064 240 2128 371
265 2063 557 2148 atVorlesungen
576 2064 620 2128 Il.
638 2066 726 2147 536),
752 2085 832 2127 cum
860 2085 951 2128 anno
969 2064 1034 2129 982
1059 2071 1119 2127 aut
1140 2064 1205 2128 985
1229 2085 1271 2126 ex
1296 2062 1353 2126 iti-

180 2191 262 2233 nere
302 2169 337 2233 in
378 2170 526 2255 epistola
563 2171 606 2234 ad
635 2169 892 2234 Adalbercnem
927 2170 1115 2234 Remorum
1151 2169 1353 2254 episcopum

179 2277 262 2340 data
289 2281 334 2356 (v.
353 2275 486 2359 oneris,
511 2279 564 2360 41,
590 2299 643 2363 ep.
669 2279 723 2356 76)
749 2278 831 2340 haec
849 2275 1058 2362 scripsisset:
1084 2275 1353 2339 Mantuae...

179 2383 405 2467 reperimus
445 2383 708 2471 (reperiemus
749 2386 791 2466 (P)
827 2383 962 2465 Olleris)
994 2433 1000 2447 .
1032 2435 1038 2449 .
1069 2433 1075 2447 .
1116 2382 1204 2448 VIII
1239 2382 1355 2447 volu-

180 2489 287 2553 mina
318 2489 458 2555 Boetii
490 2490 534 2555 de
566 2489 797 2575 astrologia
828 2489 1162 2576 praeclarissima
1193 2509 1353 2573 quoque

179 2594 410 2680 figurarum
450 2596 704 2681 geometriae
745 2600 847 2681 (quaa
886 2603 1004 2659 tamen
1044 2593 1150 2661 verba
1190 2599 1354 2679 corrupta

180 2724 253 2766 esse
272 2701 395 2767 Olleris
421 2702 523 2786 dixit)
549 2702 815 2786 aliaque'non
839 2703 969 2767 minus
993 2701 1230 2799 admirande
1253 2752 1259 2767 .
1285 2753 1291 2765 .
1314 2748 1321 2764 .
1346 2748 1353 2763 .

180 2808 234 2871 Ex
259 2808 324 2874 hoc
350 2807 425 2874 loco
450 2818 652 2897 comparato
670 2831 749 2874 cum
766 2811 851 2874 cutis
872 2810 947 2896 ipso
964 2808 1066 2872 initio
1091 2813 1136 2891 (v.
1154 2807 1206 2872 ed.
1224 2804 1354 2870 Friedl.

181 2915 255 2997 373,
286 2916 360 2996 22lz
386 2964 527 2983 .....
559 2917 746 2981 Euclidis
778 2917 824 2980 de
860 2915 962 2980 artis
993 2913 1271 3000 geometricae
1301 2911 1355 2975 fi-

181 3021 293 3104 guris
323 3023 492 3087 obscure
517 3022 679 3109 prolata
705 3075 711 3090 .
738 3074 744 3088 .
771 3072 788 3106 .,
820 3022 1038 3105 collegerunt
1064 3021 1149 3084 arus
1177 3017 1356 3103 exemplar

181 3125 390 3191 Gerbertum
419 3129 584 3194 Mantuae
620 3128 822 3215 repperisse.
882 3128 980 3205 Quod
1016 3127 1156 3193 minime
1192 3124 1352 3208 equidem

181 3233 385 3298 crediderim
396 3258 403 3316 ;
436 3241 472 3299 at
501 3236 557 3319 ise
579 3236 639 3320 qui
670 3243 778 3300 artem
810 3234 1028 3322 compilavit,
1060 3233 1145 3298 talia
1176 3238 1352 3317 excerpta,

181 3338 300 3424 qualia
330 3362 352 3424 q
380 3341 525 3426 praebet
549 3351 584 3406 et
608 3342 724 3427 qualia
750 3341 958 3406 Gerbertum
982 3340 1150 3405 Mantuae
1177 3336 1353 3404 iuvenisse

144 3505 147 3510 .
180 3445 467 3513 verisimillimum
504 3456 572 3532 est,
609 3449 644 3512 in
681 3472 778 3514 suum
811 3470 897 3535 opus
933 3448 1083 3513 contulit
1117 3453 1152 3510 et
1183 3445 1352 3510 obscure

180 3554 344 3639 prolata
382 3556 574 3641 appellavit
612 3557 647 3619 in
686 3557 746 3621 illo
781 3556 943 3643 prologo,
987 3555 1045 3639 qui
1081 3554 1207 3640 partim
1242 3550 1353 3645 ipsius

181 3659 323 3724 Boethii
347 3669 409 3745 est,
435 3663 561 3748 partim
587 3662 631 3727 ab
655 3662 714 3728 illo
739 3664 857 3749 inepte
881 3661 1112 3747 interpolatus
1136 3659 1284 3726 videtur.
