3060 4776
665 156 865 220 „re--v

244 412 245 415 ,
286 354 363 430 Qua
388 352 483 416 inre
508 350 609 415 facile
634 352 708 416 fieri
725 352 851 437 potuit,
878 360 916 416 nt
940 352 1000 416 illa
1025 355 1217 418 communis
1244 357 1355 420 animi

180 460 374 547 conceptio,
399 482 503 544 quam
523 458 672 522 maxime
696 459 731 522 in
757 459 948 543 geometria
974 460 1115 525 Boethii
1139 462 1297 546 requiras
1319 472 1356 528 et

179 590 267 651 quae
299 566 554 652 interponenda
586 572 639 630 est
671 566 723 630 ed.
749 566 877 633 Friedl.
902 568 982 649 378,
1014 568 1053 632 8:
1090 569 1188 632 duas
1221 569 1355 635 lineas

147 755 149 761 Ι
179 681 312 739 rectas
349 672 527 758 spatium
563 695 642 737 non
678 672 891 737 continere
926 685 971 754 (v.
1001 673 1052 737 ed.
1080 675 1207 740 Friedl.
1233 678 1290 758 91,
1322 681 1353 741 9.

179 780 435 860 Weissenborn,
455 780 548 862 1880,
570 786 724 844 extrema
742 778 815 843 fere
832 802 911 865 pag.
927 781 970 862 ὅ),
992 781 1130 865 perdita
1147 789 1209 846 ant
1226 783 1354 848 omissa

179 889 233 970 sit,
259 909 336 952 cum
361 886 626 970 subsequeretur
652 885 718 950 def.
743 886 789 969 H,
815 888 847 950 1:
874 909 987 951 omne
1012 888 1354 974 parallelogram-

178 1016 281 1058 mum
297 992 600 1077 rectiangulum
614 992 685 1056 sub
699 991 761 1056 his
779 991 935 1057 duabus
952 992 1073 1057 lineis
1087 993 1240 1058 dicitur
1257 1018 1353 1060 con-

180 1099 304 1164 tineri
331 1149 337 1163 .
364 1148 371 1163 .
398 1149 404 1162 .
430 1103 475 1179 (v.
501 1099 552 1162 ed.
578 1098 706 1162 Friedl.
731 1099 806 1181 378,
830 1100 861 1162 8.
886 1099 928 1162 R.
954 1099 993 1162 F.
1018 1098 1045 1162 l.
1070 1100 1145 1181 379,
1170 1101 1223 1182 23,
1249 1124 1353 1185 quem

179 1206 293 1270 locum
317 1205 354 1270 in
378 1203 555 1270 codicibus
580 1205 745 1289 sequitur,
771 1206 861 1289 quod
887 1211 1002 1269 exstat
1025 1205 1067 1269 R.
1085 1207 1124 1270 F.
1141 1206 1169 1269 I.
1187 1208 1262 1288 385,
1286 1207 1351 1279 21).

178 1313 383 1398 Discrepare
418 1311 566 1376 fortasse
599 1311 659 1375 illa
690 1311 780 1375 inter
811 1335 847 1375 se
875 1313 1091 1396 alterumque
1117 1313 1352 1378 omittendum

178 1443 251 1484 esse
280 1418 492 1485 videbantur
524 1418 569 1501 ei,
604 1417 662 1502 qui
694 1441 737 1482 ex
762 1417 903 1482 Boethii
936 1418 1165 1484 translatione
1195 1420 1352 1485 libellum

178 1527 276 1590 illum
300 1525 483 1611 excerpsit.

283 1632 467 1698 Accedunt
491 1633 535 1697 ad
560 1632 729 1696 Euclidea
752 1631 826 1715 illa,
863 1654 952 1716 quae
977 1631 1127 1696 Boethio
1153 1633 1351 1717 tribuimus,

177 1749 212 1805 et
246 1739 560 1806 demonstrationes
592 1747 627 1803 et
661 1741 840 1828 πορίσματα.
897 1741 1018 1825 Neque
1051 1740 1144 1803 enim
1173 1742 1284 1805 solum
1315 1743 1350 1805 in

177 1848 261 1914 artis
286 1847 532 1935 manuscriptis
557 1847 615 1911 sed
640 1847 746 1911 etiam
770 1847 806 1910 in
826 1846 1108 1930 ‚agrimensorum
1133 1847 1252 1911 codice
1277 1849 1350 1912 Gu-

177 1955 281 2019 diano
307 1961 377 2018 tres
401 1953 532 2040 primae
550 1952 863 2017 demonstrationes
888 1952 1046 2036 integrae
1069 1953 1183 2017 adhuc
1208 1961 1351 2018 exstant

177 2087 208 2126 v.
243 2061 296 2126 ed.
321 2060 449 2125 Friedl.
483 2061 549 2126 390
580 2083 616 2143 s.,
651 2060 692 2124 R.
726 2061 765 2125 F.
798 2060 825 2123 I.
858 2060 924 2124 380
947 2083 982 2140 s,
1016 2058 1061 2123 cf.
1087 2060 1128 2123 R.
1154 2061 1193 2124 F.
1219 2061 1265 2124 Π.
1292 2064 1348 2138 93;

176 2169 220 2234 cf.
245 2169 363 2252 Rand,
388 2167 620 2234 Jahrbucher.
645 2167 733 2248 435).
760 2167 864 2248 Quid,
890 2166 980 2250 qnod
1007 2188 1125 2231 eorum
1151 2166 1348 2250 verborum,

177 2299 264 2361 quae
298 2275 335 2339 in
363 2273 666 2360 reprehensionem
698 2280 852 2337 nostram
883 2272 1098 2356 inciderunt,
1131 2273 1266 2338 nullum
1296 2274 1349 2338 his

177 2383 260 2448 locis
286 2381 463 2447 occurrit?

176 2548 224 2612 ad
249 2545 428 2610 eundem.
477 2543 653 2611 Videntur
684 2547 803 2611 tamen
836 2546 959 2628 pocius
991 2545 1163 2627 excerpta
1192 2564 1213 2608 a
1238 2547 1350 2611 boetii

176 2655 285 2721 libro.
310 2693 351 2700 -
377 2652 538 2716 Ceterum
563 2652 698 2717 Usener
726 2674 795 2716 nou
826 2650 1025 2733 adnotavit,
1058 2657 1176 2714 utrum
1205 2673 1248 2714 ex
1273 2651 1350 2737 ipso

176 2761 239 2825 illo·
264 2768 435 2846 tempore,
468 2780 535 2842 quo
560 2759 670 2823 codex
700 2758 758 2822 ille
782 2757 931 2844 scriptus
956 2780 1029 2821 esse
1055 2757 1229 2839 videatur,
1262 2756 1349 2822 haec

177 2866 284 2932 verba
317 2871 457 2930 exstent
488 2888 533 2930 an
564 2871 686 2953 postea
719 2865 790 2930 sint
821 2865 949 2929 addita.
999 2865 1049 2929 De
1081 2864 1185 2928 titulo
1210 2863 1349 2928 illorum

176 2980 420 3062 excerptorum
444 2973 537 3038 infra
557 2973 796 3038 disserendum
814 2971 888 3037 erit.
914 3013 955 3020 —
981 2973 1077 3037 Haec
1102 2978 1220 3038 autem
1244 2978 1349 3035 notae

176 3082 297 3148 verba:
322 3083 450 3163 dirigit
468 3081 666 3166 (Euclidem
683 3081 891 3146 translatum
909 3080 995 3159 scil.)
1010 3132 1016 3146 .
1032 3128 1060 3143 ..
1086 3080 1130 3144 ad
1152 3079 1349 3145 siurachum

176 3209 337 3257 socerum
360 3208 462 3255 sunm
491 3209 577 3252 cum
603 3188 790 3273 prologo,
825 3189 919 3254 sicut
944 3189 980 3252 in
1005 3188 1237 3252 arithmetica
1261 3185 1349 3249 imi-

176 3303 287 3362 tatus
309 3295 598 3361 Nicomachum
623 3296 754 3377 dirigit
778 3296 822 3361 ad
847 3296 1007 3376 eundem,
1032 3292 1059 3357 si
1084 3317 1153 3358 non
1179 3293 1348 3375 refellere,

176 3409 213 3467 at
236 3426 305 3467 non
332 3402 558 3490 comprobare
576 3401 786 3466 Brandtium
810 3401 984 3484 videntur,
1010 3399 1070 3485 qui
1089 3399 1219 3464 sentiat
1235 3398 1348 3463 Patri-

175 3509 266 3575 cium
298 3509 411 3592 illnm,
445 3531 548 3594 quem
580 3509 616 3573 in
649 3508 826 3594 prooemio
852 3507 1044 3593 alloquitur
1071 3507 1115 3590 is,
1152 3507 1212 3592 qui
1236 3513 1348 3570 artem

175 3618 324 3706 scripsit,
350 3640 419 3682 non
437 3616 687 3704 Symmachum
709 3622 856 3702 (postea)
882 3638 1050 3699 socerum,
1076 3615 1134 3680 sed
1153 3614 1347 3679 Patricium

176 3727 362 3810 quendam,
388 3725 577 3807 rhetorem,
611 3725 791 3809 aequalem
816 3722 959 3789 Boethii
994 3723 1102 3788 luisse
1127 3728 1173 3806 (v.
1199 3722 1345 3805 Brandt,

175 3831 498 3917 Entstehungszeit,
523 3855 555 3918 p.
581 3831 656 3915 234,
682 3833 789 3912 ncta).

281 3939 458 4003 Raudium
489 3938 604 4026 ipsum
636 3959 774 4023 quoque
806 3942 1009 4023 excerptum
1037 3936 1187 4022 primum
1219 3934 1347 4000 librum

175 4045 259 4110 artis
284 4068 326 4110 ex
351 4045 581 4111 translatione
602 4043 795 4109 Boethiana
816 4043 1024 4109 iudicavisse
1049 4045 1091 4128 [v.
1109 4043 1222 4126 Rand,
1244 4043 1346 4108 Jahr-

176 4152 315 4238 bucher,
332 4154 411 4235 4353
431 4153 473 4216 cf.
491 4153 652 4236 Bubnou,
671 4152 834 4239 Tannery
852 4150 1032 4236 (Schmidt,
1050 4148 1218 4237 Berichtss
1241 4171 1346 4238 supra

173 4262 241 4328 iam
268 4267 430 4328 notatum
455 4267 516 4326 est.
