3060 4776
562 181 598 192 --
643 142 680 209 lu
719 180 757 191 -

188 340 245 407 Ex
283 342 564 408 substantivis
602 343 800 425 nonnplla
836 365 987 423 corum,
1024 365 1125 428 quac
1163 359 1249 408 ver·

77 450 188 516 belia
213 451 494 533 nominantur,
521 451 676 514 notanda
700 451 876 515 videntur·
916 449 1069 514 Plurima
1086 473 1137 532 ea,
1163 472 1250 535 quae

76 557 110 622 in
130 580 168 623 or
188 559 291 622 finem
309 557 445 622 faciunt
465 557 562 621 velut
579 565 717 639 creator,
742 557 853 640 lector,
879 557 1052 641 dispector,
1077 557 1250 640 inspector,

76 666 273 749 disputator,
303 664 490 749 indagator,
521 665 745 749 investigator,
775 664 971 749 spectilator,
1001 683 1139 747 incusor,
1164 664 1251 748 upri-

76 791 217 854 nreasor,
253 771 501 855 rrrriltquirulor,
534 771 668 854 clirisor,
708 781 952 857 praeterquam
987 771 1077 856 qnod
1110 770 1144 833 in
1177 780 1251 835 arte

76 879 297 964 frequentius
323 901 426 964 quenn
456 879 491 942 in
517 878 799 943 institutionibus
823 877 1061 960 inueniuntur,
1096 900 1164 943 non
1189 887 1252 960 est,

77 1008 139 1050 cur
157 985 191 1050 in
209 985 442 1072 suspicionem
461 1007 634 1050 vocemus,
675 986 799 1069 ltaque
822 1007 932 1070 neque
955 983 1039 1049 utile
1058 991 1092 1048 et
1109 983 1252 1069 longum

77 1098 128 1156 est
154 1091 309 1177 singulos
334 1113 537 1155 enumerare
564 1091 666 1173 locos,
700 1090 827 1177 quippo
853 1113 931 1155 cum
957 1091 1061 1154 index
1087 1112 1106 1154 a
1132 1088 1252 1153 Fried-

77 1199 182 1263 leinio
208 1199 474 1282 diligentissime
505 1209 647 1263 curatus
677 1208 792 1264 certus
820 1198 919 1263 testis
952 1220 1024 1262 esse
1056 1199 1177 1283 possit.
1212 1235 1253 1243 -

78 1307 177 1385 Quod
203 1306 293 1370 idom
319 1329 454 1391 quoque
480 1305 515 1370 in
541 1307 714 1392 plerisque
739 1307 781 1370 iis
807 1306 943 1389 accidit,
978 1328 1065 1389 quae
1095 1305 1132 1370 in
1156 1326 1196 1368 cs
1219 1313 1254 1367 et

78 1412 108 1478 io
132 1413 269 1479 finiunt.
317 1415 445 1478 Exstat
469 1422 586 1478 autem
607 1434 755 1477 arcessas
776 1435 846 1479 uno
867 1415 942 1478 loco
961 1413 1056 1496 artis,
1081 1411 1139 1497 qui
1157 1433 1255 1499 prae·

78 1529 173 1587 terea
205 1529 349 1607 propter
380 1521 622 1586 confusionem
647 1520 840 1607 imaginum
866 1530 1046 1607 suspectus
1071 1527 1139 1602 est,
1172 1541 1254 1582 nam

78 1629 226 1715 legimus
260 1630 334 1712 392,
367 1630 406 1692 8:
448 1636 491 1694 ut
522 1628 680 1694 animus
712 1629 883 1694 lectoris
916 1629 961 1693 ad
997 1625 1254 1692 enodatioris

79 1734 390 1819 intelligentiae
415 1758 623 1800 accessum
647 1736 761 1819 quasi
789 1736 1033 1821 quibusdam
1057 1733 1255 1820 gradibus

79 1842 346 1929 perducatur,
380 1865 483 1928 quam
516 1843 727 1930 superfluam
752 1844 946 1908 orationem
976 1840 1170 1907 assoetluo
1203 1861 1255 1904 or-

79 1958 150 2016 tam
176 1973 248 2016 essc
274 1950 414 2016 minime
437 1951 567 2016 credas.
607 1952 697 2016 item
717 1952 838 2035 aditus,
865 1972 933 2036 quo
958 1950 1065 2016 verbo
1091 1948 1195 2014 semel
1219 1949 1256 2012 in

79 2058 233 2143 imagine
252 2059 422 2123 Boethius
442 2059 554 2123 utitur
577 2060 607 2141 b,
632 2059 662 2141 2,
688 2066 742 2122 ter
766 2059 802 2124 in
827 2065 902 2123 arte
927 2057 1079 2124 occurrit
1102 2057 1177 2139 373,
1202 2055 1254 2119 23.

79 2165 154 2246 408,
180 2167 209 2230 s.
242 2166 316 2249 417,
343 2167 393 2229 19.
442 2165 553 2242 Quam
579 2165 671 2229 enim
696 2165 891 2230 sententiae
915 2165 1065 2251 figuram
1095 2163 1152 2227 ille
1177 2161 1256 2226 sim·

81 2271 219 2359 pliciter
243 2273 289 2357 erl
309 2274 499 2358 prudenter
523 2272 689 2338 describit
720 2273 755 2338 in
781 2272 1000 2359 praefatione
1024 2269 1256 2337 institutionis

80 2379 323 2445 arithmeticae
356 2381 386 2463 5,
419 2383 449 2463 2,
482 2380 542 2445 ubi
574 2379 742 2466 scriptum
776 2387 847 2446 est:
882 2403 984 2464 quae
1016 2386 1257 2443 transcursa

83 2485 265 2552 velocius
301 2486 585 2571 angustiorem
622 2487 947 2573 intellegentiae
982 2476 1258 2574 praestabant

81 2595 251 2677 aditum,
283 2594 481 2660 mediocri
513 2595 751 2660 adiectione
784 2596 982 2678 reseravi,
1018 2616 1096 2658 eam
1127 2592 1165 2677 is,
1200 2591 1259 2677 qui

80 2709 192 2767 artem
223 2701 371 2787 scripsit,
408 2701 444 2766 in
477 2701 697 2788 praefatione
731 2725 794 2768 sua
827 2702 900 2789 ipse
934 2724 1071 2787 quoque
1103 2699 1257 2786 praebet,

80 2808 139 2872 sed
176 2817 346 2894 corrupte,
384 2831 462 2873 cnm
499 2810 614 2874 dicat:
654 2809 842 2874 Euclidis
878 2810 924 2873 de
961 2808 1065 2872 artis
1101 2827 1259 2892 geome-

81 2914 211 2980 tricae
236 2914 388 3000 figuris
413 2915 583 2981 obscure
609 2916 774 3003 prolata
801 2955 840 2964 —
865 2915 1111 3003 exponenda
1135 2920 1175 2981 et
1198 2913 1259 2977 lu.

81 3019 235 3086 cidiore
268 3021 383 3086 aditu
407 3021 657 3108 expolienda
682 3024 845 3110 suscepi
878 3030 940 3088 aut
970 3023 1046 3106 408,
1072 3022 1109 3086 9;
1142 3041 1259 3107 quem

81 3149 153 3192 nos
184 3127 272 3213 ipso
306 3128 421 3193 aditu
450 3128 743 3195 difficiliorem
779 3131 930 3195 ceteris
963 3128 1257 3195 obscuriorem·

82 3256 157 3318 que
194 3257 280 3298 esse
317 3236 568 3302 arbitramur
603 3244 643 3301 et
677 3237 767 3302 ideo
804 3236 1070 3323 prolixiorem
1102 3234 1142 3300 iu
1173 3234 1258 3299 eius

81 3341 378 3428 explanatione
418 3366 568 3409 moram
609 3345 808 3409 faciemus
848 3351 910 3409 aut
948 3346 1023 3427 417,
1062 3346 1101 3409 19
1141 3364 1258 3428 quem

81 3470 152 3513 nos
193 3471 351 3534 quoqne
387 3452 618 3538 patentiori
654 3452 768 3517 aditu
801 3453 1016 3518 formando
1053 3471 1258 3523 numeros·

82 3578 157 3639 que
193 3557 437 3623 ascribendo
473 3559 756 3624 reserabimus.
814 3559 911 3625 Nihil
951 3558 1112 3643 equidem
1152 3579 1257 3643 nega·

81 3663 190 3728 verim
217 3663 343 3728 similia
368 3667 405 3728 in
429 3665 527 3730 libris
553 3689 633 3733 vere
658 3665 865 3732 Boethianis
889 3673 1038 3750 exstare,
1063 3666 1122 3734 sed
1148 3663 1256 3753 suspi-

82 3769 135 3833 cio
167 3770 267 3836 nobis
300 3780 469 3856 movetur,
504 3795 583 3838 cum
608 3775 864 3839 consideremus
888 3772 934 3857 id,
970 3774 1061 3859 quod
1087 3769 1257 3837 Boethius

81 3874 117 3939 in
134 3878 280 3963 prologo
298 3879 531 3945 institutionis
549 3881 792 3945 arithmeticae
815 3881 921 3946 semel
943 3880 1101 3944 ornatius
1118 3878 1256 3961 dixerit,

81 3981 299 4066 frequentius
324 3986 520 4052 adhibitum
546 4010 728 4052 commune
753 3988 827 4053 fieri
852 3995 887 4053 et
910 3987 1107 4053 ridiculum.

190 4128 386 4196 Occurrunt
411 4139 527 4196 autem
552 4153 708 4197 carcanus
735 4135 810 4217 424,
838 4136 888 4198 la
918 4135 993 4217 425,
1021 4137 1048 4216 1,
1075 4133 1116 4196 13
1145 4137 1180 4196 et
1204 4148 1257 4194 ds-

83 4235 188 4298 censio
220 4238 294 4322 42ῖ),
320 4244 349 4323 4,
376 4243 396 4303 e
429 4262 616 4324 eorumque
649 4242 723 4304 loco
758 4243 863 4306 etiam
895 4248 1064 4325 suspectus
1095 4240 1170 4324 425,
1198 4237 1255 4323 103
