3060 4776
658 172 854 239 ..27-

281 367 559 448 Lachmannius,
591 391 669 433 cum
701 368 742 431 R.
772 369 810 432 F.
840 368 886 430 Π.
918 369 960 431 81
997 374 1109 433 totum
1145 369 1346 433 demonstra-

175 475 297 539 tionem
313 482 427 559 vocet,
452 475 488 539 iu
513 473 665 539 editione
690 475 722 538 u
750 475 789 538 F.
808 475 834 538 I.
852 476 1027 542 arr-392
1053 474 1208 561 singulas
1229 485 1347 564 partes

174 581 299 647 melius
316 579 512 666 distinguit.
550 581 721 665 Equidem
739 604 827 665 quae
844 581 885 646 R.
903 582 941 646 F.
959 582 986 646 Ι.
1004 583 1181 649 393-406
1198 589 1347 667 exstant,

175 688 503 771 demonstrationem,
529 709 618 772 quae
643 687 772 752 ibidem
796 688 974 754 tot-416
998 688 1225 774 praebentur,
1250 689 1348 753 ultor·

175 796 337 860 cntionem
361 796 448 861 dico.

283 937 366 1001 Tres
383 935 494 1022 igitur
510 943 627 1023 partes
644 943 736 1018 sunt,
762 959 873 1020 neque
891 935 1029 1022 integer
1047 939 1142 1021 ord0,
1168 939 1227 1002 sed
1252 940 1349 1005 varie

176 1048 370 1129 corruptus.
396 1043 538 1126 Tamen,
557 1042 585 1106 si
602 1043 706 1108 alicui
725 1044 817 1130 pmti
831 1042 972 1107 Boethii
985 1067 1111 1108 nomen
1124 1044 1349 1110 tribuendum

176 1157 238 1235 cst,
264 1173 306 1214 ex
324 1150 468 1216 Euclide
486 1173 575 1234 quae
593 1156 743 1233 exstant,
762 1149 902 1214 minime
920 1150 1065 1236 indigna
1083 1174 1157 1216 esse
1174 1151 1348 1218 videntur.

175 1259 219 1321 ln
255 1256 428 1345 plerisque
465 1257 557 1321 enim
592 1257 634 1321 iis
670 1257 848 1322 codicibus
881 1257 1022 1322 Boethii
1059 1281 1185 1323 nomeu
1212 1259 1350 1344 legitur

176 1387 289 1450 neque
314 1374 376 1448 est,
402 1387 463 1429 cur
486 1363 766 1429 Lachmannium
790 1373 826 1428 et
850 1363 1076 1450 Heibergiuur
1103 1388 1291 1451 sequamur
1315 1372 1350 1430 et

177 1471 263 1536 haec
287 1494 425 1556 quoque
443 1471 593 1536 Boethio
618 1470 836 1556 abrogemus
886 1473 975 1535 Nam
1000 1472 1159 1555 quamvis
1183 1471 1254 1536 sint
1278 1496 1350 1538 cor-

176 1585 295 1666 rupta,
331 1585 446 1643 tamen
479 1599 684 1662 germanam
715 1577 888 1662 originem
920 1577 1074 1643 indicare
1099 1577 1263 1644 videntur
1286 1602 1350 1643 nec

177 1683 496 1770 manuscriptorum
520 1690 621 1748 tanta
646 1685 747 1770 copia
772 1684 973 1750 examinata
997 1691 1064 1768 est,
1090 1691 1129 1750 ut
1152 1691 1213 1750 aut
1236 1685 1350 1751 dicere

177 1793 350 1878 possimus
374 1798 435 1856 aut
459 1814 588 1876 negare
613 1791 754 1856 Boethii
779 1814 819 1856 ea
844 1815 926 1856 esse.

285 1935 386 1999 Certe
404 1941 521 2000 autern
544 1958 615 2000 non
637 1933 748 2002 omnis
765 1935 907 2002 Boethii
932 1959 975 2000 cx
992 1935 1137 2001 Euclide
1167 1935 1351 2000 translatio

178 2042 235 2108 hic
251 2047 384 2107 exstat:
411 2064 491 2106 uam
512 2042 540 2106 is
564 2050 625 2107 aut
649 2041 766 2107 omnia
791 2041 948 2106 Euclidis
972 2042 1145 2107 elementa
1170 2042 1352 2107 transtulit

178 2155 254 2232 aut,
286 2149 377 2233 quod
407 2148 494 2213 mihi
523 2149 663 2233 quidem
689 2149 910 2215 verisimilius
934 2149 1088 2230 videtur,
1121 2148 1251 2235 primos
1275 2155 1351 2214 tan·

177 2257 357 2322 tummodo
375 2264 542 2342 quattuor
558 2256 675 2340 libros,
700 2258 758 2321 sed
782 2280 839 2323 eos
860 2257 1049 2322 secundum
1068 2257 1224 2322 ordinem
1242 2256 1351 2334 illurn,

178 2363 237 2448 qui
266 2363 366 2428 nobis
395 2363 429 2428 in
463 2365 538 2451 ipso
563 2363 719 2428 Euclidis
744 2386 847 2450 opere
873 2363 1033 2429 occurrit.
1081 2365 1210 2429 Postea
1234 2369 1352 2428 autem
1441 2406 1444 2412 ·

178 2493 256 2536 cum
280 2469 316 2535 in
341 2470 616 2556 agrimensorum
642 2479 691 2552 et,
728 2480 767 2536 ut
791 2470 928 2556 opinor,
963 2470 1161 2534 scholarum
1186 2493 1286 2535 usum
1311 2493 1352 2535 ea

179 2577 305 2660 solum,
331 2600 420 2663 quae
444 2577 631 2642 utilissima
657 2577 867 2642 videbantur
891 2577 948 2659 iis,
979 2576 1038 2661 qui
1063 2578 1105 2641 ad
1132 2577 1242 2642 vitam
1267 2577 1353 2642 coti-

179 2684 329 2768 dianam,
347 2706 418 2748 non
432 2685 475 2748 ad
489 2691 581 2749 artes
594 2690 804 2770 spectarent,
822 2684 867 2748 ab
880 2683 1020 2748 homine
1034 2683 1258 2769 antiquitatis
1272 2705 1352 2748 auc-

178 2792 359 2857 toritatem
376 2813 500 2878 parurn
518 2791 629 2856 verito
651 2795 961 2879 excerperentur¹),
984 2798 1174 2877 praecepta
1190 2790 1226 2854 in
1244 2812 1353 2855 unum

179 2899 352 2964 collocata
384 2905 420 2964 et
453 2898 710 2985 propositiones
739 2898 957 2984 singulorum
981 2898 1149 2964 librorum
1174 2904 1353 2986 separatas

181 3029 201 3070 a
227 3004 421 3092 praeceptis
450 3013 486 3071 et
514 3005 607 3091 ipsas
638 3028 774 3091 quoque
799 3006 968 3071 inunum
993 3005 1137 3070 collatas
1162 3028 1235 3070 esse
1261 3007 1354 3071 coni-

181 3113 314 3178 ciamus
327 3118 373 3196 (v.
387 3113 554 3198 Heiberg,
568 3113 773 3198 Philologus
786 3114 839 3177 43.
853 3115 919 3178 518
934 3119 970 3178 et
983 3113 1067 3196 Z.,h
1091 3113 1111 3175 l.
1126 3112 1168 3177 A.
1182 3114 1277 3198 1890,
1287 3115 1354 3195 54).

183 3242 395 3249 -—-.—-—

292 3312 317 3390 ¹)
341 3309 363 3374 J
367 3331 422 3373 am
436 3309 631 3392 antiquitus
644 3332 694 3392 ea,
713 3332 801 3393 quae
816 3332 857 3373 ex
871 3307 1016 3373 Euclide
1030 3309 1201 3373 translata
1214 3309 1355 3374 Boethii

182 3439 309 3483 nomen
326 3438 408 3502 prae
427 3438 462 3480 se
479 3414 607 3497 ferunt,
629 3423 794 3501 excerpta
814 3415 931 3502 potius
947 3415 1068 3481 haberi
1085 3415 1244 3502 inprimis
1260 3417 1355 3481 locus

181 3521 1356 3607 illetestatur,quemexcodiceVaticano3123saeculiXI¹velXIIi

183 3634 231 3713 (n¹
253 3627 501 3693 aFriedleinio
526 3628 665 3714 signato
690 3641 726 3694 et
750 3629 808 3693 Χο
828 3629 966 3694 saeculo
983 3628 1126 3712 tribute,
1152 3651 1254 3715 quern
1271 3629 1356 3693 artis

182 3736 359 3823 exemplar
395 3735 574 3800 continere
610 3759 715 3822 supra
755 3736 931 3820 diximus)
967 3738 1190 3802 Hermannus
1223 3738 1357 3803 Usener

108 3856 120 3871 ⁰
182 3843 225 3909 A.
242 3844 286 3907 H.
304 3843 357 3926 47,
383 3842 424 3907 A.
444 3845 484 3909 13
502 3843 624 3908 affert:
649 3843 778 3929 legitur
795 3844 888 3908 enim
906 3844 942 3908 in
960 3845 1019 3910 illo
1037 3845 1156 3910 codice
1180 3844 1241 3912 fol.
1259 3845 1302 3911 65
1319 3868 1356 3911 v:

183 3949 377 4015 Euclides
416 3950 456 4015 in
496 3972 618 4036 greco
658 3949 820 4017 boetius
856 3951 1075 4017 transtulit
1109 3951 1149 4017 in
1182 3951 1356 4016 latinum

183 4064 483 4123 commentatus
500 4057 541 4123 in
558 4057 811 4124 difficiliora
830 4059 1024 4146 capitula,
1050 4059 1199 4145 dirigit
1223 4065 1358 4125 autem

183 4165 232 4231 ad
256 4163 481 4231 simachum
510 4187 693 4231 socerum
722 4188 835 4232 suum
865 4189 952 4232 cum
976 4167 1158 4255 prologo,
1184 4167 1292 4232 sicut
1316 4168 1357 4231 in

184 4270 451 4343 arithmetica
468 4273 943 4341 imitatusNicomachus
961 4278 1093 4358 (...um
1107 4274 1194 4358 scil.)
1211 4272 1358 4362 dirigit
