3060 4776
613 183 806 250 --13„

122 377 163 443 bo
190 377 387 463 inoestipare
420 388 455 444 et
479 380 710 447 substantivis
735 382 779 445 ab
804 405 843 447 eo
869 382 1028 447 formetis
1053 383 1089 447 in
1114 391 1187 450 arte
1213 407 1296 470 quo·

119 508 185 570 que
211 487 306 551 loeus
332 488 451 568 detur,
477 489 568 571 quod
595 488 660 552 hoc
685 491 787 554 modo
812 491 987 554 illustrare
1011 491 1097 555 mibi
1123 493 1243 558 liceat:

216 679 364 770 Arithm.
421 763 423 768 Ι
517 682 605 748 Mus.
778 706 833 748 ars
858 707 891 768 g.

956 859 958 863 r
997 811 1183 895 vestigare.

997 952 1222 1038 investigare.

787 1089 807 1151 3
832 1086 879 1168 (4)
996 1085 1266 1170 adinvestigare.

216 1224 260 1299 (v.
286 1220 393 1285 etiam
423 1219 679 1302 Weissenborn,
707 1221 800 1302 18r9,
828 1219 899 1299 ib).

224 1363 317 1428 Prae
357 1361 386 1425 si
422 1363 457 1425 in
493 1361 776 1426 institutionibus
813 1361 919 1427 verbo
954 1362 1194 1449 praepositum
1231 1370 1293 1447 est,
1374 1380 1378 1385 ’

116 1467 267 1555 priorem
292 1469 328 1532 in
354 1469 473 1534 ordine
496 1469 608 1534 locum
631 1469 817 1554 significat,
844 1468 934 1533 sicut
954 1475 1102 1556 apparet
1123 1469 1159 1532 in
1177 1470 1293 1536 verbis

112 1575 317 1659 praecedere,
351 1577 556 1660 praecipere,
587 1575 792 1660 praedicere,
828 1576 1053 1660 praemittere,
1083 1572 1291 1660 praepedire,

112 1703 326 1768 praeponere,
364 1707 451 1767 quae
488 1691 524 1748 et
558 1683 688 1748 inillis
721 1682 818 1748 libris
852 1690 888 1748 et
921 1683 957 1746 in
990 1691 1063 1748 arte
1096 1683 1225 1769 passim
1257 1692 1293 1748 et

116 1791 237 1855 eodem
262 1813 365 1855 sensu
390 1798 611 1878 usurpantur,
639 1790 754 1855 autin
775 1791 892 1857 verbis
903 1810 1182 1875 praecopnoscere
1203 1793 1290 1874 (104,

117 1899 182 1982 16),
201 1899 338 1981 praeire
363 1900 450 1982 (186,
476 1900 542 1982 2-1),
567 1900 790 1982 paecnrrere
815 1899 904 1983 (254,
930 1901 974 1981 3),
997 1898 1200 1982 praedocere
1226 1899 1291 1982 (14,

117 2005 181 2086 13).
229 2005 386 2069 Eandem
419 2005 490 2079 vim
522 2028 562 2070 ea
594 2004 808 2092 praepositio
841 2005 877 2068 in
903 2011 975 2068 arte
1001 2025 1138 2090 quoque
1162 2003 1291 2069 habere

116 2111 263 2194 videtur,
296 2111 325 2175 si
350 2112 456 2177 verba
474 2112 677 2196 praelibare,
705 2110 885 2195 praeloqui
917 2118 1104 2176 occurrunt
1136 2111 1212 2194 400,
1237 2112 1290 2175 28.

114 2220 188 2301 393,
214 2221 234 2286 9
258 2218 412 2304 itemque
431 2226 707 2302 praemonstrare
731 2220 876 2301 39012.
901 2220 977 2303 425,
994 2219 1047 2303 23,
1068 2220 1292 2304 praesipnare

112 2325 188 2408 425,
214 2325 265 2388 29.
314 2324 445 2390 Tamen
479 2326 570 2410 quod
603 2326 688 2389 baec
712 2325 820 2390 verba
852 2325 888 2389 in
912 2323 1195 2390 institutionibus
1219 2348 1289 2389 non

113 2430 352 2516 inveniuntur,
378 2434 534 2497 notanda
559 2432 733 2498 videntur.

140 2581 143 2584 ⁴
219 2557 522 2644 Praepositionem
551 2577 658 2642 super
683 2557 853 2622 Boethius
882 2557 955 2643 ipse
981 2557 1096 2623 verbis
1125 2575 1289 2641 apponere

113 2668 148 2726 et
182 2662 354 2726 adnectere
385 2664 483 2728 addit
514 2664 575 2747 ita,
608 2672 648 2728 ut
676 2683 942 2749 superapponere
965 2665 1086 2747 329,9
1118 2663 1291 2751 superiori

108 2769 161 2833 rei
185 2770 280 2857 parti
304 2792 489 2856 apponere,
518 2770 790 2855 snperadnectere
815 2777 930 2836 autern
957 2772 1078 2851 348‚<3
1111 2771 1204 2835 idem
1238 2778 1288 2835 at·

113 2897 177 2959 que
199 2876 342 2962 insuper
365 2876 549 2942 adnectere
567 2878 776 2963 significent.
813 2872 948 2943 ¹Contra
965 2878 1072 2944 verbo
1089 2877 1289 2961 superaban-

112 2980 192 3045 dare
207 2983 284 3066 400,
301 2984 345 3048 20
362 2983 530 3049 Boethius
548 2984 585 3048 in
602 2984 884 3049 institutionibus
901 3006 976 3050 non
989 2986 1110 3068 utitur,
1132 2984 1191 3048 sed
1208 2982 1287 3048 sim-

110 3087 312 3175 plicioribus
345 3090 467 3154 formis
499 3090 690 3154 redundare
727 3091 878 3177 (saepius
914 3090 950 3154 in
986 3104 1071 3174 arte,
1108 3090 1143 3153 in
1180 3088 1288 3154 arith-

109 3195 236 3259 metica
260 3196 483 3261 institutione
508 3198 690 3281 seme140,
716 3200 759 3280 ὅ),
792 3199 975 3261 cariberare
999 3196 1151 3282 (saepius
1174 3195 1211 3259 in
1235 3195 1286 3259 in-

110 3301 361 3387 stitutionibus
387 3303 422 3367 in
448 3311 522 3369 arte
547 3306 751 3388 serne1418,
780 3307 832 3388 10)
866 3305 1050 3388 creandare,
1075 3303 1285 3388 superfluere.

217 3429 311 3513 lias)
333 3435 449 3494 autem
466 3431 704 3516 praepositum
728 3437 781 3494 est
797 3430 911 3496 verbis
936 3449 1068 3494 noscere
1092 3436 1128 3493 et
1151 3430 1284 3513 spicere,

108 3540 147 3597 ut
179 3533 312 3599 formae
346 3536 512 3598 dinoscere
544 3544 579 3601 et
610 3537 769 3621 dispicere
801 3560 880 3601 cum
910 3536 1139 3603 substantivis
1163 3535 1285 3601 verba·

108 3639 198 3705 libus
221 3649 413 3707 nascantur
442 3645 562 3707 eodem
587 3667 699 3727 sensu,
734 3665 801 3728 quo
826 3643 995 3708 Boethius
1022 3636 1218 3727 pernoscere
1249 3648 1285 3704 et

100 3745 289 3832 perspicere
313 3751 369 3816 vel
393 3751 553 3834 inspicere
579 3758 732 3836 usurpat,
757 3773 903 3834 quorum
926 3751 991 3814 hoc
1013 3750 1057 3813 ab
1075 3748 1158 3813 artis
1176 3748 1282 3834 scrip·

106 3845 181 3919 tore
213 3879 284 3922 non
313 3857 509 3922 adhibetur.
557 3858 795 3921 Disconaenire
820 3858 966 3940 denique
992 3857 1027 3920 in
1051 3848 1283 3920 institutioni-v

106 3961 168 4026 bus
193 3965 289 4029 nullo
314 3965 400 4048 loco,
436 3965 488 4028 bis
521 3966 556 4028 in
591 3971 664 4029 arte
694 3964 845 4029 occurrit
877 3965 952 4047 381,
977 3965 1007 4029 5.
1041 3964 1117 4047 389,
1144 3963 1183 4027 11
1217 3975 1283 4027 nec

106 4070 297 4156 quidquam
326 4072 375 4135 eis
403 4072 487 4136 locis
516 4072 734 4157 significatur
765 4071 831 4137 hoc
859 4072 965 4139 verbo
998 4075 1089 4153 (non
1119 4070 1281 4134 discon-

105 4179 245 4261 venit).

211 4287 390 4352 Hactenus
405 4287 501 4354 ,haee
526 4289 568 4352 de
592 4288 707 4354 verbis
731 4287 1049 4379 praepositionibus
1073 4283 1229 4351 firmatis,
