3060 4776
665 197 862 271 mpod

284 402 464 490 Πορίσματα
495 409 612 466 autem
640 402 809 466 Boethius
834 402 908 487 ipse
933 401 1116 466 corollaria
1148 399 1351 467 nominarit.

177 509 267 573 Nem
292 532 335 572 ex
360 531 452 574 cons.
476 510 557 595 phil.
576 509 641 589 ΙΙΙ,
669 511 719 592 10,
745 510 864 574 71011.
891 509 1016 595 Peiper
1040 508 1125 572 haec
1143 507 1353 594 Heibergius

177 615 382 702 Philologus
406 618 459 682 43.
484 617 549 682 1119
573 616 730 680 notavit:
761 638 882 702 super
907 614 1020 699 haec,
1046 613 1198 698 inquit,
1223 613 1354 700 igitur

180 722 307 787 veluti
343 729 580 808 geometrae
610 723 758 787 solent
794 721 1089 786 demonstratis
1126 721 1353 807 propositis

176 829 332 914 aliquid
351 828 520 913 inferre,
543 852 646 914 quae
663 830 891 916 porismata
912 827 992 917 ipsi
1011 837 1178 912 vocant,
1201 827 1261 892 ita
1278 848 1353 912 ego

176 957 336 1020 quoque
362 935 439 1000 tibi
464 935 596 1002 veluti
622 936 855 1002 corollarium
880 935 993 999 dabo
1348 917 1349 920 ¹

284 1060 553 1126 Corollariorum
569 1083 651 1126 vero
664 1060 817 1146 vestigia
831 1058 991 1144 quamvis
1009 1060 1161 1125 contrita
1179 1066 1214 1123 et
1227 1058 1353 1125 obruta

176 1174 312 1231 exstare
338 1167 503 1232 videntur
527 1168 578 1231 ed.
601 1167 729 1231 Friedl.
755 1167 831 1248 388,
860 1169 909 1250 19,
934 1167 995 1231 ubi
1020 1166 1167 1252 legitur:
1193 1167 1253 1230 Ex
1278 1165 1352 1231 hoc

175 1274 184 1337 i
194 1273 309 1359 gitur
325 1272 592 1338 manifestum
610 1281 680 1358 est,
699 1272 891 1359 quoniam
914 1272 969 1355 (cf.
988 1273 1101 1357 Rand‚
1119 1272 1351 1357 Jahrbiicher,

174 1380 252 1462 429)
272 1421 322 1463 -,
347 1404 434 1465 quae
453 1381 559 1446 verba
577 1381 702 1445 mirum
720 1382 755 1444 in
774 1381 915 1445 modum
932 1380 1145 1467 respondent
1160 1383 1353 1469 πορισμάτων

175 1487 276 1551 initio
302 1488 455 1552 Graeco:
488 1493 526 1552 ἐκ
550 1482 592 1575 tt,
620 1490 752 1552 τούτου
776 1489 939 1575 φανερόν,
964 1490 1021 1550 ὅτι
1048 1527 1084 1535 -
1112 1512 1143 1551 v.
1169 1487 1352 1552 Euclidem
1419 1516 1421 1519 ·

177 1593 360 1670 Graecum,
386 1596 438 1659 ed.
465 1595 630 1679 Heiberg,
655 1595 681 1658 Ι.
710 1595 782 1677 168,
809 1596 859 1658 11.

282 1736 444 1801 Ceterum
488 1737 660 1820 quomodo
703 1737 778 1824 ipse
817 1734 988 1801 Boethius
1034 1736 1351 1801 demonstrationes

174 1843 318 1925 dederit,
343 1843 506 1928 equidem
523 1844 574 1907 ita
599 1844 787 1910 coniciam:
813 1844 1005 1928 Postquam
1030 1842 1165 1927 aliquot
1190 1842 1350 1928 exempla

175 1951 346 2015 Boethius
377 1950 492 2036 planis
524 1951 640 2015 verbis
671 1950 939 2032 demonstravit,
975 1949 1161 2015 verisimile
1194 1954 1349 2013 osteum

174 2057 218 2121 ab
243 2058 402 2143 exenrplo
424 2058 573 2142 quodam
591 2078 706 2121 orsum
732 2069 842 2143 paene
867 2056 963 2142 puris
989 2054 1140 2120 numeris
1165 2059 1200 2119 et
1225 2054 1351 2118 litteris

175 2164 489 2229 demonstrationes
510 2170 660 2228 notasse.
700 2164 791 2228 Nam
816 2184 896 2227 cum
920 2161 971 2225 illi
995 2184 1035 2225 ea
1059 2161 1236 2226 tractandi
1260 2161 1351 2225 ratio

173 2293 245 2335 non
276 2271 390 2335 aliena
422 2278 487 2352 est,
518 2271 608 2336 sicut
636 2270 821 2355 intellegas
851 2292 894 2332 ex
918 2269 998 2333 inst.
1023 2290 1110 2334 mus.
1136 2268 1182 2331 ΙΙ.
1208 2267 1263 2350 31,
1297 2268 1349 2332 ed.

174 2378 302 2442 Friedl.
320 2379 395 2462 264,
412 2378 464 2442 28.
489 2379 600 2461 2601
627 2398 671 2442 s:
698 2377 774 2442 Sed
800 2375 992 2462 quoniam
1017 2377 1063 2439 de
1088 2374 1350 2439 diatessaron

174 2485 448 2549 consonantia
469 2484 596 2549 latius
613 2484 801 2567 diximus,
828 2483 993 2549 brevius
1018 2489 1058 2545 et
1082 2503 1210 2567 paene
1236 2480 1349 2566 puris

174 2592 353 2657 numeris
378 2592 423 2657 de
450 2593 649 2680 diapason
674 2616 718 2657 ac
743 2592 936 2678 diapente
961 2588 1249 2655 consonantiis
1273 2588 1349 2652 dis-

174 2721 368 2783 seramus,
402 2707 478 2764 tum
508 2699 546 2763 in
579 2699 697 2764 codice
730 2698 789 2765 lat,
822 2720 914 2764 mon.
951 2698 1056 2762 13021
1090 2696 1177 2760 tales
1209 2695 1349 2760 demon-

174 2805 359 2870 strationes
384 2810 568 2885 exstant.¹)

176 2934 390 2942 -————.-

288 3007 310 3083 ¹)
339 3002 407 3068 Hic
436 3003 545 3067 codex
578 3002 621 3066 ab
654 2999 845 3084 Heibergio
875 2997 1084 3063 describitur
1108 2998 1159 3080 2.,
1192 2996 1225 3063 h.
1255 2997 1275 3062 1.
1306 2997 1347 3062 Α.

175 3109 271 3191 1890,
302 3110 355 3172 49.
403 3109 541 3173 Addam
573 3107 752 3190 nonnulla,
785 3127 874 3190 quae
909 3105 1115 3190 corrigenda
1150 3108 1240 3169 sunt.
1289 3102 1350 3165 Di·

174 3215 306 3299 stingui
328 3224 475 3300 possunt
492 3216 579 3280 duae
596 3214 756 3301 inprimis
774 3236 915 3279 manus:
940 3213 1062 3276 Altera
1080 3209 1233 3298 scripsit,
1259 3231 1348 3294 quae

174 3323 400 3388 continentur
423 3323 481 3387 fol.
518 3325 568 3388 lv
593 3363 634 3369 —
658 3323 730 3388 9611
763 3329 798 3384 01
822 3320 881 3386 fol.
908 3321 999 3386 1641
1023 3358 1063 3366 -—
1089 3317 1203 3399 2111,
1238 3315 1348 3380 altera

172 3430 324 3494 firmiore
370 3431 476 3495 ductu
520 3429 578 3494 fol.
618 3432 659 3494 97
685 3453 707 3496 v
749 3467 787 3477 -—
830 3428 893 3492 163
919 3452 958 3511 v,
1005 3427 1110 3490 2121
1152 3464 1190 3472 -
1231 3424 1296 3487 283
1314 3447 1346 3489 v.

173 3536 261 3613 Arte
307 3537 494 3622 aliquando
524 3532 729 3601 *coniuncta
776 3520 876 3598 erant
922 3533 981 3597 fol.
1032 3533 1143 3615 1·-96,
1191 3529 1249 3594 fol.
1284 3529 1348 3594 164

174 3646 301 3728 -211,
351 3645 444 3728 quod
490 3667 532 3709 ex
578 3643 662 3729 ipsis
709 3644 978 3726 quaternionum
1026 3638 1179 3704 numeris
1222 3634 1347 3733 Arabi-3

173 3750 222 3815 cis
247 3758 413 3838 apparet:
448 3750 615 3815 tredecim
644 3749 736 3813 enirn
767 3747 1024 3834 quaterniones
1051 3769 1130 3810 cum
1154 3741 1347 3829 compluria

172 3858 260 3923 folia
285 3859 409 3940 desint,
435 3857 494 3921 fol.
518 3858 624 3922 1-96
649 3856 834 3942 signantur
851 3862 886 3918 et
903 3877 962 3919 sex
979 3853 1039 3918 fol.
1060 3851 1241 3917 164-211.
1280 3849 1347 3915 Ne·

173 3986 239 4049 que
273 3963 412 4050 Sigboti
443 3963 604 4028 monachi
641 3961 951 4047 Praeieningensis
984 3981 1107 4024 manus
1140 3979 1198 4022 eas
1228 3962 1346 4042 partes

172 4071 322 4158 scripsit,
348 4095 427 4136 curn
450 4071 507 4136 ille
532 4071 631 4134 firma
655 4092 761 4134 manu
786 4091 932 4154 magnas
960 4068 1096 4131 litteras
1126 4064 1344 4148 exararisset,

172 4180 293 4263 quales
333 4180 461 4244 rideris
500 4179 535 4241 in
577 4177 705 4240 codicis
742 4177 800 4242 lat.
835 4197 927 4242 mon.
960 4175 1067 4241 13072
1100 4179 1199 4259 parte
1225 4172 1344 4235 altera.

172 4285 287 4370 Magis
318 4285 356 4349 in
388 4286 506 4350 alteris
539 4285 673 4359 duabus
704 4283 864 4368 partibus
889 4280 1017 4346 codicis
1044 4281 1150 4344 13021
1176 4275 1346 4342 eiusmodi
