3060 4776
667 169 863 239 *lb—⁴·

180 377 234 435 tor
268 371 342 452 393,
368 372 406 435 21
442 369 515 434 His
548 369 626 433 iam
660 371 700 454 le,
730 370 741 433 i
766 371 800 434 id
825 377 878 434 est
902 370 960 436 lat.
987 392 1077 434 mou.
1102 371 1188 435 4024
1213 370 1348 435 melius:

179 477 315 562 etiam]
364 477 561 544 brevibus
607 486 646 541 et
691 485 828 542 tamen
870 477 989 542 liuius
1032 477 1134 541 artis
1180 478 1350 542 rudibus

178 585 503 670 pernecessariis
527 584 910 649 introductionibus
941 586 1074 648 lector
1097 585 1290 649 initiatus
1314 592 1350 648 et

178 693 255 776 400,
286 681 356 759 23ςΙ
379 693 491 757 Haeo
516 715 611 758 vero
641 691 756 756 brevi
780 692 1091 756 introductione
1117 690 1348 778 praeliban-

177 806 238 864 tes
263 798 437 885 copiosius
461 798 632 864 enuntiat.

277 947 477 1044 'Praeceptio
490 982 661 1044 nusquam
673 959 710 1023 in
724 959 1016 1041 institutionibus
1035 959 1071 1023 in
1085 965 1159 1024 arte
1177 981 1245 1023 uno
1261 960 1348 1043 locu,

178 1088 279 1151 quem
296 1066 398 1131 modo
417 1067 608 1150 attulimus
634 1067 861 1132 coniunctum
886 1088 965 1130 cum
989 1066 1159 1132 vocabulo
1184 1067 1348 1129 institutio

177 1180 376 1259 usurpatur.
418 1171 571 1237 Traditio
589 1173 672 1237 item
690 1174 765 1238 loco
783 1175 884 1240 valde
902 1173 1007 1238 dubio
1037 1171 1188 1238 occurrit
1218 1173 1293 1255 393,
1311 1173 1347 1236 6:

177 1279 252 1343 Sed
284 1279 362 1344 iam
393 1286 553 1366 tempus
584 1285 645 1344 est
674 1280 721 1343 ad
750 1279 1058 1365 geometricalis
1082 1301 1243 1343 mensae
1267 1286 1349 1342 tra-

176 1385 376 1451 ditionem
405 1386 454 1451 ab
477 1385 665 1471 Archita,
702 1408 782 1451 non
813 1385 977 1452 sordido
1008 1385 1129 1450 huius
1160 1385 1348 1472 discipli·

176 1514 251 1558 nae
276 1500 457 1577 auctore,
486 1493 606 1558 Latio
631 1495 936 1559 accomodatam
962 1493 1113 1560 venire.
1162 1491 1228 1570 Qui
1252 1493 1347 1556 locus

176 1598 342 1665 acerrime
378 1599 564 1684 inquisitus
600 1607 652 1665 est
682 1600 866 1686 Heibergii
900 1599 1030 1665 iudicio
1067 1604 1112 1682 (v.
1142 1599 1348 1684 Philologus

173 1708 227 1772 43.
259 1708 348 1789 509).
406 1706 503 1772 Nihil
539 1707 653 1773 dicam
688 1708 729 1772 de
765 1707 945 1774 uocabulis
981 1713 1152 1783 tractatus,
1189 1705 1347 1790 urultipli-

175 1815 272 1898 cutio,
305 1814 434 1898 divisio,
466 1816 525 1879 sed
559 1814 627 1879 alie.
654 1814 794 1880 notabo
842 1815 949 1881 Velut
965 1814 1182 1899 participatio
1211 1815 1242 1897 8,
1268 1815 1288 1878 9
1313 1820 1349 1877 et

175 1924 228 2005 29,
253 1925 296 1989 27
328 1923 474 1988 eandem
498 1921 570 1989 vim
602 1922 719 2006 habet,
752 1945 839 2007 quae
871 1921 1044 2004 adiectiro
1077 1944 1214 2007 quoque
1238 1923 1349 2006 purti-

175 2048 247 2113 ceps
270 2028 372 2113 inest,
397 2052 476 2096 cum
500 2030 536 2094 in
561 2037 635 2094 arte
656 2031 730 2113 396,
757 2031 775 2095 7
794 2029 1012 2114 participatio
1037 2029 1184 2113 dicatur,
1202 2029 1348 2113 particio

175 2135 356 2220 sentiatur,
382 2137 474 2220 quod
499 2135 638 2220 quidem
659 2136 870 2202 Friedleinio
895 2135 1034 2201 crimini
1058 2136 1127 2220 dee,
1153 2157 1232 2200 cum
1257 2157 1346 2200 com-

173 2231 331 2328 pluribus
349 2242 537 2327 codicibus,
562 2265 599 2327 u1
627 2265 664 2328 113
693 2242 769 2307 dico
796 2249 831 2307 et
854 2266 890 2329 pl
919 2267 969 2330 p„
994 2241 1122 2307 rectior
1142 2242 1246 2307 lectio
1264 2260 1348 2325 pcr-

175 2349 350 2413 ticioaibus
380 2347 446 2414 hoc
479 2349 556 2414 loco
587 2348 807 2437 praebeatur.
856 2350 977 2435 Neque
1009 2349 1143 2414 mireris
1176 2347 1347 2415 vocabula

174 2460 209 2539 te
226 2454 384 2522 invenire
398 2456 522 2540 portio,
540 2456 725 2540 proponis,
744 2455 862 2539 petitio
887 2455 1087 2545 (petitiones
1105 2454 1237 2520 Graece
1262 2454 1349 2543 αἰτή-

174 2586 261 2648 ματα
284 2563 400 2648 (term.
425 2561 554 2641 techn.)
579 2567 685 2646 sunt),
715 2562 774 2627 sed
797 2561 951 2646 haereas,
984 2561 1012 2628 si
1043 2561 1168 2647 legeris
1200 2560 1274 2645 424,
1308 2562 1348 2626 11

168 2667 384 2751 podismatio,
422 2667 457 2731 id
494 2675 547 2733 est
577 2669 728 2754 podismi
758 2669 831 2735 sive
863 2691 963 2734 areae
994 2667 1157 2752 emensio,
1182 2668 1349 2752 processio

171 2774 304 2859 formae
328 2774 404 2857 417,
431 2774 473 2839 14
495 2795 559 2861 pro
583 2773 706 2857 formu,
738 2797 826 2858 quae
851 2774 1018 2860 procedit,
1052 2772 1180 2856 euadit,
1208 2773 1237 2837 si
1262 2773 1348 2858 quis,

175 2900 267 2962 quae
295 2879 411 2946 verbis
442 2880 600 2965 exposita
625 2886 716 2964 sunt,
748 2880 848 2944 lineis
880 2885 915 2944 et
945 2879 1038 2944 notis
1068 2879 1194 2965 pingit,
1225 2899 1348 2962 suppu-

174 2985 256 3049 tatio
288 2985 363 3069 408,
389 2987 441 3070 23,
474 2985 507 3050 id
541 2992 593 3051 est
625 2986 795 3051 eiusmodi
825 2985 1053 3074 computatio,
1086 3007 1173 3069 quae
1205 2984 1349 3071 propius

176 3093 219 3155 ad
251 3100 385 3156 rectum
418 3092 571 3157 accedat.
619 3093 671 3157 Ac
702 3092 788 3157 mihi
819 3093 924 3157 liceat
952 3093 1092 3177 longius
1116 3090 1282 3155 disserere
1307 3092 1353 3176 de

175 3199 345 3264 vocabulo
363 3201 550 3282 processio:
574 3200 754 3263 Procedere
775 3207 810 3264 et
819 3219 996 3284 processus
1014 3199 1049 3262 iu
1067 3196 1349 3263 institutionibus

175 3305 267 3372 idem
291 3305 411 3372 valent
435 3314 540 3391 atque
558 3306 729 3391 propredi,
754 3326 894 3392 perpere
901 3330 914 3388 ,·
944 3313 981 3370 at
998 3306 1149 3389 prodire,
1180 3326 1252 3369 non
1269 3324 1347 3389 pro-

175 3412 287 3498 cedere
311 3410 448 3496 dieitur,
478 3415 569 3499 quod
595 3414 822 3501 computandi
845 3413 980 3478 ratione
1006 3413 1167 3478 efficitur.
1215 3412 1348 3476 Tamen

175 3519 211 3604 in
244 3525 318 3584 arte
349 3520 572 3588 substantivo
598 3508 766 3606 processio
791 3523 911 3586 eadem
945 3521 997 3587 vis
1031 3520 1207 3604 tribuitur,
1243 3541 1348 3604 quam

175 3627 267 3712 apud
285 3627 473 3693 Boethium
497 3628 603 3694 verbo
622 3628 762 3712 prodire
779 3628 890 3693 inesse
915 3628 1076 3692 diximus.
1125 3627 1224 3705 Quod
1242 3648 1348 3714 appa·

174 3718 267 3818 ieta
288 3756 333 3800 ,ex
350 3734 435 3801 rous
459 3735 512 3820 48,
540 3737 590 3802 14.
618 3737 690 3819 rac,
715 3737 767 3799 11.
793 3737 868 3819 341,
893 3736 945 3799 aa
971 3736 1046 3818 353,
1071 3736 1114 3799 so
1138 3733 1348 3821 compartus

175 3861 254 3924 cum
278 3842 353 3924 412,
381 3843 447 3906 14,
463 3881 504 3888 -
537 3844 628 3907 ltem
661 3842 768 3909 uerbo
792 3843 973 3904 iucluruure
998 3840 1175 3906 Boethius·
1190 3841 1226 3905 in
1246 3839 1349 3904 :insti-

175 3945 318 4029 uiuere
336 3948 467 4015 musica
491 3951 566 4032 3523,
594 3952 635 4014 10
658 3949 708 4013 ita
733 3950 853 4032 utitur,
888 3955 928 4012 ut
959 3947 1162 4034 inpedieudi
1192 3948 1262 4015 vim
1290 3947 1349 4010 lra-

177 4052 267 4138 beat,
300 4052 336 4115 iu
361 4059 440 4120 ‚arte
472 4058 594 4120 eodem
625 4079 703 4120 cum
733 4078 836 4121 sensu
867 4056 1127 4121 substantivum
1156 4054 1349 4118 reclusistis

175 4159 327 4245 positum
353 4168 406 4225 cst
429 4163 503 4246 393,
522 4167 552 4228 4.
577 4163 652 4245 409,
673 4168 722 4228 11.
762 4164 884 4247 Neque
902 4162 1104 4246 praeceptio,
1124 4161 1288 4245 >inpeditio
1313 4161 1348 4224 iu

176 4266 456 4331 institutionibus
480 4275 708 4355 usurpantur,
741 4271 800 4333 sed
821 4277 1042 4353 praeceptum,
1067 4268 1347 4352 impedimentum.
