3060 4776
171 361 223 425 81.
250 357 444 423 Bullettino
470 356 738 445 Boncompagni
763 358 822 422 Vl.
847 360 910 423 371
937 362 1003 441 ss),
1030 364 1204 444 postremo
1230 365 1346 423 autem

172 466 312 554 Lipsiae
338 490 356 530 a
375 465 576 530 tiodot'redo
596 465 771 529 Friedlein
792 466 886 548 18117,
913 475 1051 551 praeter
1069 465 1236 530 Euclides
1262 489 1346 530 non·

172 574 267 639 nulla
300 575 335 637 in
370 595 563 639 sermonem
588 572 756 637 Latinum
790 594 957 639 conversa
990 572 1133 658 egregia
1167 574 1226 638 illa
1259 597 1347 658 quae

172 680 301 745 abacus
323 680 451 744 dicitur
472 680 603 762 tabula,
629 679 665 742 in
685 703 753 763 qna
771 701 931 744 numeros
949 680 1088 745 Indicos
1107 682 1161 746 vel
1178 681 1348 746 Arabicos

173 786 388 871 invenimus,
426 809 666 851 mensurarum
703 787 892 851 secundnm
928 787 1347 870 Balbumdefinitioues

173 893 477 982 multiplicationis
509 902 544 957 et
576 893 757 958 divisionis
798 894 940 979 regulae
973 917 1053 959 cum
1085 895 1348 961 definitionibus

174 1023 405 1085 numerorum,
438 999 694 1087 propositiones
726 999 969 1086 geometricae,
1004 1023 1093 1086 quae
1125 1002 1161 1066 in
1185 1000 1285 1089 Nipsi
1314 1009 1349 1066 et

174 1109 408 1196 Epaphroditi
433 1109 709 1193 agrimensorem
736 1116 797 1172 ant
821 1106 856 1171 in
881 1108 1031 1172 Heronis
1056 1108 1193 1196 scriptis
1218 1109 1348 1196 plerae-

139 1228 142 1232 '
175 1238 241 1302 que
265 1223 415 1299 exstant,
441 1215 531 1279 ratio
557 1215 705 1299 denique
731 1215 968 1300 minutiarum.

282 1325 382 1388 Hanc
415 1330 551 1388 tantam
582 1345 696 1387 rerum
727 1322 968 1388 diversitatem
1002 1324 1132 1388 Cantor
1163 1323 1348 1389 defendere

175 1439 323 1496 conatur
344 1430 586 1516 Vorlesungen
611 1431 654 1494 12.
680 1431 866 1513 541—546,
899 1439 936 1494 at
961 1429 1266 1496 Weissenbornius
1291 1454 1349 1518 op-

175 1541 260 1604 time
281 1539 317 1602 in
335 1537 574 1624 quaestionem
593 1539 735 1605 vocavit
754 1540 838 1604 1879
860 1538 896 1602 in
914 1562 954 1602 ea
971 1538 1220 1624 disputationis
1237 1548 1348 1626 parte,

176 1649 231 1712 cni
256 1646 379 1711 titulus
403 1654 472 1711 est:
507 1646 676 1712 Welchen
699 1645 819 1710 Inhalt
852 1645 968 1710 finden
998 1646 1059 1710 wir
1083 1646 1118 1709 in
1144 1646 1349 1733 derjenigen

176 1753 318 1837 Schrift,
351 1753 406 1817 die
431 1754 481 1816 als
506 1752 714 1826 Geometrie
729 1753 788 1816 des
812 1751 983 1817 Boethius
1010 1752 1214 1817 bezeichnet
1237 1753 1349 1820 wird?

177 1865 222 1941 (v.
248 1860 352 1924 etiam
378 1859 545 1944 Heiberg,
570 1858 773 1945 Philologus
799 1861 940 1944 latia
965 1865 1022 1941 ss.)
1098 1911 1100 1915 >

283 1967 359 2032 Hae
385 1974 502 2055 partes
527 1966 686 2050 quamvis
707 1988 834 2050 magna
856 1966 948 2030 inter
969 1990 1004 2030 se
1022 1965 1220 2054 discrepent
1237 1967 1350 2033 diver·

177 2074 291 2157 111111,
324 2095 535 2158 quamquam
564 2095 607 2138 ne
632 2073 802 2138 vocabula
827 2073 966 2157 quidem
992 2074 1112 2138 eadem
1137 2075 1180 2137 ad
1205 2073 1351 2138 eandem

176 2203 249 2245 rem
274 2180 536 2267 exprimendam
568 2186 736 2268 usurpata
761 2190 852 2263 sunt,
885 2202 1097 2266 quamquam
1129 2180 1266 2265 aliquae
1297 2201 1350 2244 res

177 2310 248 2353 uon
272 2288 387 2372 semel,
413 2287 470 2352 sed
497 2287 547 2352 bis
573 2294 625 2352 ter
649 2293 774 2372 quater
797 2287 976 2376 expositae
1001 2294 1082 2352 sunt
1107 2292 1152 2369 (v.
1174 2286 1350 2352 Weissen-

179 2395 339 2459 borninm
365 2397 450 2462 1859
478 2402 513 2459 et
538 2394 791 2479 Heiberginm)‚
822 2411 939 2458 tamen
964 2395 1166 2462 universum
1190 2402 1349 2482 spectan-

178 2501 272 2566 tibus
296 2501 329 2566 id
354 2501 454 2566 nobis
479 2502 668 2566 tenendum
694 2509 756 2584 est,
789 2502 832 2569 ab
859 2525 926 2567 uno
952 2503 1142 2590 eodemque
1155 2506 1179 2584 ¹)
1209 2501 1349 2566 homine

178 2631 232 2673 res
263 2609 355 2674 iuter
385 2632 420 2674 se
452 2609 704 2674 diversissimas
736 2618 771 2674 et
803 2609 944 2697 insuper
975 2610 1071 2675 varie
1100 2617 1282 2696 corruptas
1314 2609 1351 2673 in

179 2737 286 2780 unum
311 2715 449 2799 librum,
475 2723 602 2781 artem
628 2716 771 2799 scilicet,
797 2716 941 2782 collatas
966 2740 1048 2781 esse.

289 2822 381 2889 Huic
407 2829 523 2887 autern
549 2824 617 2888 arti
641 2823 715 2890 sive
740 2823 783 2888 ab
809 2824 884 2911 ipso
909 2823 968 2909 qui
984 2822 1183 2909 collegerat,
1209 2824 1282 2891 sive
1307 2823 1351 2887 ab

178 2931 266 3014 11111,
283 2930 356 2996 sive
374 2930 497 2995 fraude
513 2929 586 2997 sive
604 2931 839 3017 neglegentia,
861 2932 934 2996 sive
953 2932 996 2995 ad
1014 2930 1352 2996 commendationem

178 3036 250 3104 sive
274 3037 319 3103 ob
345 3036 612 3102 admirationem
636 3037 779 3104 Boethii
803 3061 931 3102 nomen
955 3038 1107 3103 inditum
1131 3045 1192 3102 est.

285 3145 337 3209 Ac
362 3152 536 3231 postremo
567 3145 705 3231 quidem
731 3146 869 3210 saeculo
895 3145 1103 3229 Boeclihius
1135 3145 1352 3210 excellentis·

179 3252 285 3317 simus
309 3251 802 3337 antiquitatis·investigator,
828 3250 961 3338 aliquot
985 3252 1166 3337 decausis,
1192 3252 1351 3339 inprimis

180 3359 271 3442 quod
304 3359 404 3423 stilus
438 3359 597 3424 horridus
628 3366 719 3424 esset
750 3370 786 3423 et
816 3360 908 3443 quod
933 3359 1062 3424 abacus
1091 3382 1168 3423 cnm
1199 3359 1352 3430 numeris

179 3465 310 3530 Iudicis
344 3465 380 3529 in
414 3466 479 3531 hoc
510 3466 598 3531 libro
624 3467 873 3551 contineretur,
907 3466 1057 3532 Boethio
1083 3474 1193 3531 artem
1218 3465 1352 3530 abiudi-

179 3571 274 3638 cavit
297 3577 343 3656 (v.
369 3573 555 3657 Friedlein,
583 3573 732 3638 Gerbert
756 3598 788 3661 p.
809 3575 872 3656 11).
921 3575 968 3638 Et
992 3574 1212 3639 Godofredns
1232 3572 1352 3637 Fried-

179 3679 247 3743 lein
282 3677 355 3766 ipse
388 3702 525 3765 quoqne
558 3681 601 3746 ab
634 3680 734 3745 abaci
766 3681 842 3745 loco
874 3677 1090 3768 profectns2)
1118 3679 1352 3744 Boethianam
1408 3767 1410 3769 ι

179 3797 392 3805 ›·-.....—-.-.-0

296 3848 319 3925 ¹)
353 3844 393 3907 Id
425 3842 513 3906 mihi
544 3840 746 3929 planissime
776 3842 919 3906 edocere
944 3842 1085 3908 videtur
1109 3840 1241 3904 Cantor
1265 3841 1352 3906 Vor·
1445 3829 1447 3831 ’

179 3951 348 4036 lesungen
375 3951 419 4015 12.
452 3950 645 4031 541--5463
679 3955 801 4013 contra
826 3949 986 4032 equidem
1018 3971 1096 4013 eum
1128 3970 1198 4013 non
1227 3969 1353 4032 sequor

180 4057 395 4122 iudicantem
418 4057 533 4142 ipsum
559 4055 746 4122 Boethium
772 4055 861 4120 hanc
887 4061 998 4123 artem
1022 4054 1278 4141 conscripsisse.

295 4167 320 4246 ²)
350 4165 391 4229 Id
422 4186 493 4228 non
518 4164 649 4248 optime
672 4162 806 4227 factum
835 4185 907 4228 esse
933 4162 1143 4248 Heibergius
1168 4161 1353 4228 adnotavit

180 4271 385 4361 Philologus
409 4272 462 4342 43,
487 4271 568 4335 508:
602 4269 656 4336 die
688 4269 852 4336 frt'rlreren
878 4291 1011 4358 gegner
1043 4269 1119 4335 sind
1150 4266 1353 4334 wesentlich
