3060 4776
604 147 799 210 „11-

118 343 392 412 vetustissimum
410 365 632 408 numerorum
647 343 849 408 Indicorum
866 343 902 407 in
919 345 1061 431 Europa
1078 365 1179 409 usum
1195 343 1291 410 evin·

116 474 194 518 eere
225 458 378 539 possent.
434 449 500 514 Sed
537 448 566 514 si
602 450 805 534 diligentius
837 445 956 515 eorum
988 450 1181 516 sententias
1212 472 1291 516 exa-

116 558 376 641 minaverimm,
400 565 454 623 tot
475 565 510 622 et
530 558 638 623 tantis
656 557 872 645 argumentis
889 559 1167 624 adversariorum
1184 582 1291 625 unum

116 669 190 732 fere
223 665 309 730 illud
343 675 536 753 opponunt,
571 673 611 730 ut
644 664 763 731 dieant
796 667 840 730 ab
871 667 938 731 illis
967 667 1109 733 Bo'e‘thii
1140 674 1292 733 aetatem

115 775 220 840 nimis
233 797 276 840 ex
289 773 415 839 horum
431 778 627 860 temporum
645 773 782 839 iudiciis
796 773 939 858 censeri,
958 775 1017 839 sed
1031 774 1126 839 illam
1140 763 1292 840 aetatem

116 889 156 948 ut
172 882 287 968 ipsum
304 881 542 946 Romanorum
560 880 740 967 ingenium
760 904 779 946 a
797 881 942 946 seientia
960 881 1171 967 geometrica
1188 882 1292 948 vehe-

116 1000 252 1055 menter
284 988 505 1053 abhorruisse
538 994 582 1072 (v.
614 988 776 1053 Giinther
809 995 931 1054 eontra
956 989 1291 1074 Weissenbornium,

117 1097 206 1161 Phil.
231 1098 285 1180 R,
319 1103 475 1160 extrema
499 1097 572 1160 fere
597 1117 677 1182 pag.
705 1099 791 1177 127).
839 1099 888 1161 At
919 1096 970 1161 illi
1001 1097 1078 1184 ipsi,
1112 1097 1171 1182 qui
1195 1097 1293 1163 hane

117 1204 279 1268 Cantoris
311 1202 522 1268 sententiam
547 1211 749 1289 sequuntur,
783 1226 855 1269 non
886 1205 1002 1270 minus
1034 1204 1119 1268 mihi
1152 1205 1293 1290 quidem

117 1333 232 1375 errare
258 1310 431 1392 videntur,
457 1312 549 1394 quod
567 1309 766 1394 Boethium,
792 1311 968 1375 hominem
990 1311 1050 1375 illa
1074 1316 1190 1376 aetate
1215 1311 1293 1376 doe·

119 1417 210 1481 trina
239 1416 329 1482 inter
358 1439 488 1503 paitcos
517 1417 702 1503 insignem,
739 1440 781 1481 ex
818 1417 965 1482 seientia
1002 1427 1198 1505 temporum
1233 1418 1293 1484 diu

117 1524 386 1610 praeteritorum
419 1538 454 1588 et
485 1547 528 1588 ex
559 1524 610 1608 iis,
644 1547 732 1608 quae
758 1524 1010 1611 agrimensores
1035 1526 1076 1612 de
1101 1525 1294 1611 geometria

118 1632 332 1697 Graecorum
357 1638 607 1717 cognoverant,
633 1630 781 1696 iudicari
805 1631 930 1696 volunt
955 1637 1000 1715 (v.
1025 1632 1185 1718 inprimis
1206 1632 1294 1697 Oan-

119 1746 182 1823 tor,
208 1738 481 1824 Agrimensoren
509 1741 571 1804 130
595 1743 662 1820 ss).

224 1845 433 1932 Nuperrime
457 1851 574 1910 autem
599 1845 806 1911 Bubnovius
831 1845 866 1909 111
890 1846 1096 1931 appendice,
1122 1867 1190 1930 quo
1209 1847 1295 1911 Gerss

121 1952 209 2017 berti
233 1974 338 2039 opera
362 1951 612 2018 mathematica
643 1953 686 2018 ab
716 1953 791 2040 ipso
817 1952 911 2016 edita
936 1951 1036 2017 auxit
1060 1959 1095 2017 et
1118 1952 1293 2036 instruxit,

118 2082 181 2124 nee
213 2058 328 2123 minus
352 2059 547 2125 Tannerius
578 2060 614 2124 in
646 2060 762 2125 libello
788 2060 949 2144 quodam,
983 2059 1039 2124 eui
1069 2059 1193 2126 titulus
1224 2068 1294 2125 est:

119 2167 227 2231 Notes
252 2188 310 2230 sur
334 2166 367 2230 la
391 2166 755 2231 Pseudo-Geometrie
785 2166 826 2230 de
852 2167 976 2249 Boeee,
1008 2167 1158 2232 Boethio
1184 2174 1294 2232 artem

119 2272 413 2339 abiudicaverunt
445 2279 490 2356 (v.
517 2273 686 2358 Schmidt,
711 2273 866 2357 Berieht,
901 2274 973 2339 125.
1000 2277 1039 2355 s.)
1072 2281 1107 2338 et
1137 2273 1295 2340 Raudius

118 2381 191 2466 ipse
217 2402 354 2465 quoque
379 2380 616 2463 (Jahrbiioher
640 2383 734 2464 1901,
760 2381 827 2445 434
851 2405 875 2445 s.
902 2421 943 2428 -
969 2381 1012 2446 of.
1040 2381 1183 2465 Brandt,
1209 2382 1295 2446 Ent-

119 2487 368 2573 stehungszeit.
387 2490 469 2571 234)
494 2489 646 2575 primum
668 2488 719 2552 1111
741 2489 984 2553 tantummodo
1009 2487 1136 2554 librum
1160 2488 1294 2554 tribuit.

227 2615 321 2691 Quae
347 2636 425 2678 oum
450 2613 500 2678 ita
525 2614 604 2698 sint,
631 2636 756 2702 operae
774 2615 927 2702 pretium
945 2615 1012 2679 erit
1034 2614 1220 2699 aliquando
1245 2614 1296 2701 1]-

120 2743 192 2784 sam
229 2720 424 2786 orationem
460 2721 545 2786 artis
577 2743 656 2786 oum
689 2721 973 2787 institutionibus
1009 2720 1231 2787 arithmetica
1261 2730 1297 2785 et

119 2827 252 2892 musica
277 2849 489 2914 comparare,
516 2834 555 2892 ut
578 2827 644 2892 hac
665 2829 801 2893 ratione
824 2834 1032 2913 argumenta
1054 2829 1097 2892 ad
1119 2850 1192 2893 rem
1209 2827 1296 2893 iudi-

119 2935 267 2999 candam
292 2935 479 3000 afferamus
505 2958 606 3002 nova.
647 2939 763 3020 Atque
781 2935 930 3021 primum
951 2935 1090 3019 quidem
1111 2936 1153 3000 de
1171 2933 1295 3017 verbiS,

120 3048 194 3106 tum
219 3044 260 3107 de
282 3042 513 3108 substantivis
536 3051 571 3107 et
588 3043 841 3108 sententiarum
859 3042 1082 3127 imaginibus,
1108 3042 1232 3107 deinde
1255 3042 1296 3106 de

120 3150 314 3234 adieetivis,
333 3150 517 3234 adverbiis,
536 3150 855 3234 coniunctionibus,
874 3173 963 3235 quae
976 3148 1127 3214 maxime
1137 3149 1298 3214 'notanda

120 3258 202 3337 sint,
241 3279 416 3344 exponere
456 3259 609 3324 conabor
649 3266 684 3324 et
722 3280 834 3344 pauca
871 3258 913 3323 de
949 3255 1136 3322 verborum
1171 3257 1297 3321 addam

122 3363 305 3447 scriptura.
352 3364 472 3428 Tertia
497 3373 614 3431 autem
638 3372 810 3431 tractatus
835 3371 945 3452 parte,
971 3387 1039 3449 qua
1064 3364 1199 3429 ratione
1224 3363 1298 3449 ipse

122 3468 293 3534 Boethius
324 3493 397 3535 rem
422 3493 652 3556 aggressurus
680 3472 786 3538 fuisse
811 3472 983 3555 videatur,
1016 3493 1180 3554 ‹praerere
1212 3469 1299 3534 mihi

122 3574 228 3639 liceat
252 3584 287 3641 et
311 3577 501 3664 disputare.

230 3701 423 3766 Praemitto
455 3702 491 3766 in
524 3705 675 3768 secunda
707 3709 805 3789 parte
830 3726 884 3768 me
913 3701 1070 3788 singulos
1102 3702 1195 3768 locos
1228 3724 1299 3766 non

122 3829 196 3873 esse
221 3808 432 3893 additurum,
464 3808 532 3873 nisi
556 3810 676 3893 magni
700 3810 869 3874 momenti
893 3808 980 3874 mihi
1004 3832 1077 3875 esse
1102 3808 1299 3877 videantur.
