3060 4776
628 193 824 257 *23*-

139 412 277 474 quoquc
309 388 482 453 dicuntur.
537 388 745 474 Saepissime
776 388 881 453 etiam
916 399 1056 478 cprot
1089 391 1254 456 scribitur
1277 393 1314 456 in

140 495 320 561 vocabulis
346 496 504 579 partitio,
536 496 669 579 notitia,
694 497 852 580 pretium,
885 498 1040 580 spoli-um.
1087 498 1178 563 ltem
1206 499 1313 585 scrip-

140 611 218 667 tura
246 602 343 664 litero
376 602 411 666 in
431 581 518 666 arte
542 582 891 688 pro-litter·oexstat.
938 585 991 668 De
1016 627 1084 689 qua
1108 628 1144 669 re
1169 605 1198 670 si
1222 605 1314 670 codi-

140 733 195 774 ces
231 689 348 796 plures
383 709 575 774 examinati
609 716 721 794 erunt,
762 711 884 775 melius
925 717 960 774 et
998 710 1127 776 rectius
1166 710 1314 776 iudicari

140 813 279 902 poterit.
368 874 371 880 .

246 960 344 1023 Haec
368 981 423 1023 me
447 959 488 1022 de
513 959 662 1043 singulis
687 958 811 1042 verbm,
844 959 1084 1043 substantivis,
1119 959 1313 1043 aduaticis,

140 1065 315 1131 adverbiis
332 1065 526 1149 digessisse,
549 1067 591 1129 de
609 1064 916 1131 coniunctionibus
934 1065 1121 1151 notavisse,
1143 1067 1185 1130 de
1206 1067 1314 1153 scrip-

140 1182 219 1237 tura
253 1172 379 1235 dixisse
414 1171 573 1236 sufficiat.
622 1172 676 1235 Ex
702 1172 836 1256 quibrrS,
869 1173 897 1236 si
925 1172 1046 1237 addita
1070 1178 1173 1237 eruut
1197 1174 1315 1238 omnia

140 1281 200 1343 illa
235 1285 455 1364 argumenta,
495 1300 584 1362 quae
618 1278 832 1364 Heibergins
868 1279 1135 1363 diligentissime
1171 1279 1315 1366 collegit

141 1386 358 1471 (Philologus
389 1386 457 1467 43),
493 1386 577 1450 satis
614 1386 798 1472 apparebit
834 1393 944 1450 artem
978 1385 1022 1450 ab
1054 1385 1129 1472 ipso
1163 1386 1314 1451 Boethio

141 1517 210 1559 non
235 1517 308 1559 csso
333 1493 578 1580 conscriptam.
627 1493 694 1570 Qui
718 1498 835 1558 autem
860 1516 936 1558 cam
961 1493 1110 1581 scripsit,
1139 1493 1216 1577 quis
1240 1493 1315 1558 fne-

140 1601 196 1683 rit,
231 1624 299 1685 qua
324 1600 477 1683 natione,
509 1600 622 1665 adhuc
656 1600 726 1664 dici
758 1601 889 1686 nequit.
947 1601 1093 1678 Quando
1119 1607 1235 1665 autem
1260 1622 1315 1664 ars

140 1708 339 1794 conscripta
372 1706 428 1790 sit,
461 1730 503 1771 ex
527 1707 845 1795 manuscriptorum
877 1713 993 1772 aetate
1018 1707 1102 1772 satis
1126 1714 1221 1772 recte
1246 1707 1313 1771 col·

140 1810 240 1898 ligas
287 1814 427 1878 Etenim
453 1814 482 1878 si
506 1814 840 1880 consideraverimus
865 1813 1121 1881 vetustissimos
1150 1812 1234 1879 artis
1259 1835 1315 1878 co·

140 1921 233 1985 dices
265 1943 308 1984 ex
344 1921 419 1984 ΧΙο
453 1921 593 1985 demum
618 1921 766 2002 saecum,
799 1928 970 2005 quantum
998 1943 1062 1986 uos
1086 1921 1224 2004 scimus,
1257 1944 1315 1985 ex-

140 2034 232 2093 stare
264 2032 358 2112 (nam
390 2051 424 2112 nl
464 2051 484 2092 a
508 2027 720 2093 Friedleinio
753 2028 790 2091 in
814 2029 967 2093 editione
992 2030 1056 2094 372
1081 2028 1219 2093 saeculo
1253 2028 1308 2092 Χο

140 2133 292 2199 tributus
311 2134 355 2198 ab
368 2135 573 2198 'Hermanno
587 2134 722 2199 Usener
746 2135 882 2198 saeculo
900 2135 977 2198 ΧΙο
1005 2135 1060 2200 vel
1084 2135 1180 2198 ΧΠ0
1207 2134 1315 2220 scrip-

140 2247 197 2305 tus
229 2263 302 2306 esse
335 2241 476 2321 dicitur)
509 2248 544 2304 et
577 2240 810 2306 addiderimus
842 2240 1004 2326 scriptori
1035 2239 1120 2305 artis
1151 2240 1315 2305 minutia·

140 2370 217 2411 rum
252 2353 365 2430 notae,
405 2369 494 2431 quae
529 2348 640 2412 multo
676 2354 756 2434 post
792 2347 954 2412 (lerberti
990 2352 1143 2412 aetatem
1178 2347 1215 2410 in
1250 2369 1316 2411 usu

141 2464 251 2536 erant,
284 2453 448 2519 obscuras
482 2454 592 2520 videri
616 2455 673 2532 (cf.
698 2455 773 2538 426,
800 2455 865 2539 14),
897 2454 998 2519 nobis
1031 2454 1171 2539 quidem
1197 2453 1315 2520 verisi-

141 2559 324 2625 millimum
355 2561 497 2626 videtur
528 2584 598 2624 non
630 2562 680 2625 ita
705 2562 810 2646 longo
836 2560 1021 2628 intervallo
1047 2560 1091 2625 ab
1124 2561 1211 2649 ipsa,
1246 2581 1315 2644 qua

141 2667 192 2730 illi
216 2667 352 2732 codices
377 2667 500 2754 scripti
525 2668 604 2750 sint,
630 2673 746 2732 aetate
771 2691 859 2751 eum,
886 2667 945 2753 qui
967 2674 1078 2732 artem
1099 2667 1313 2754 compilavit,

141 2772 280 2838 afuisse.
